2054 2765
0 160 9 182 *
58 170 227 198 rnamento
250 162 332 202 fint,
351 173 491 205 quorum
522 163 701 197 firmiffimis
730 122 954 197 ngovniilmjentis
981 163 1166 206 consignata
1194 162 1334 195 nominis
1368 161 1597 196 immortalitas

0 197 10 228 ὲ
37 210 134 242 :rideri
155 208 246 250 possit
267 234 276 248 ‚
313 216 419 239 tamen
434 208 497 250 ipsa
521 209 696 239 ambitione
724 218 759 241 ac
788 210 877 240 famae
905 207 1084 248 cupiditate
1114 207 1225 239 misere
1245 215 1491 249 corrumpuntur
1518 230 1527 239 .
1548 208 1600 237 Si·

38 254 165 296 quidem
190 263 290 294 neque
310 254 349 284 ab
371 253 538 283 hominum
565 252 843 285 commendatione
870 278 880 292 ‚
916 261 1020 293 neque
1048 253 1086 283 ab
1108 251 1189 282 ullis
1213 251 1306 282 rebus
1331 259 1421 284 extra
1438 262 1502 284 nos
1514 251 1600 291 posi-

0 293 6 332 ,²
35 297 75 330 *tis
90 319 100 336 ‚
121 297 175 330 sed
196 307 212 327 a
236 299 313 330 bene
338 298 510 328 constituto
537 296 647 326 animo
663 318 672 333 ‚
699 298 726 328 S<
756 297 794 328 ab
827 308 865 328 eo
880 321 888 335 ,
914 306 1016 337 quem
1032 296 1065 326 in
1088 294 1210 337 agendo
1222 293 1419 335 speclamus,
1437 297 1596 327 bonorum

2 346 6 355 ¹
33 343 112 382 line,
136 339 243 371 omnis
268 347 353 373 certe
386 342 540 372 fanorum
562 340 840 382 consiliorumque
867 342 996 381 praestan
1010 339 1052 370 tia
1076 337 1309 380 proficiscitur.
1329 340 1395 380 Qi
1411 346 1596 370 caeterarum

0 383 3 404 ³
31 385 214 428 girtutum,
238 385 323 415 idem
348 382 552 416 liberalitatis
581 386 622 415 est
644 389 738 414 ortus
759 403 769 420 ,
795 387 822 416 ἃ
851 384 937 426 quod
966 393 982 414 a
1000 383 1118 415 divinae
1145 381 1254 424 gloriae
1277 384 1421 415 fontibus
1446 383 1485 413 ad
1513 382 1596 412 civi-

0 443 2 448 *
23 432 136 461 &tatum
158 429 254 460 etiarn
277 428 391 459 decora
416 429 444 459 ἃ
471 428 640 458 commoda
671 428 847 458 derivatur
865 449 873 465 ,
897 428 929 458 id
945 437 1051 460 revera
1075 426 1277 467 magnificum
1305 429 1366 464 est,
1393 427 1426 456 id
1448 424 1598 462 liberale,

30 473 64 506 {d
86 472 287 515 gloriosum.
311 473 415 503 Multa
438 472 581 510 profecto
607 471 636 501 in
672 472 736 501 hoc
767 481 881 511 genere
919 470 1044 512 egregie
1069 481 1103 502 ac
1127 470 1287 511 splendide
1314 483 1331 503 a
1349 468 1597 503 CLEMENTE

27 519 112 560 ‚igesta
136 515 382 549 commemorari
402 524 418 545 a
451 525 499 545 me
528 515 654 555 poss'unt
673 538 684 550 .
710 515 906 554 Ampliffima
923 515 1141 546 addicendum
1165 515 1261 544 essent
1284 520 1335 544 tot
1358 513 1596 555 publicaUrbis

25 560 165 592 [edificia
187 560 331 592 restituta
362 565 462 599 vatque
488 564 600 589 ornata
624 582 633 595 ‚
666 567 818 596 portuum
848 559 1095 591 constructiones
1116 583 1125 596 ,
1146 556 1363 589 derivationes
1395 557 1569 589 fluminum
1586 580 1595 595 ,

23 604 264 646 lexquifitiffima
289 603 457 635 vetustatis
483 609 691 633 monumenta
716 609 917 642 comparata.
952 602 1013 632 Sed
1039 602 1152 641 finite,
1182 608 1221 631 ut
1243 601 1284 631 ad
1308 612 1362 633 eas
1388 599 1596 634 liberalitatis

24 647 136 691 *partes
161 648 350 688 potissimum
378 656 427 676 me
454 647 640 684 conferam,
662 646 694 676 in
715 647 832 688 quibus
858 645 939 676 nihil
954 647 1108 676 caducum
1125 669 1133 683 ‚
1158 645 1239 675 nihil
1263 645 1389 677 fluxum
1406 644 1510 681 ‚nihil
1529 646 1595 675 fra-

23 691 94 734 'gile
118 691 213 722 ineffe
241 692 364 733 potest,
389 700 456 731 quae
479 689 567 720 nulla
603 689 703 720 animi
728 690 862 722 levitate
887 715 895 729 ‚
930 690 1021 720 nulla
1048 691 1138 721 famae
1162 687 1336 729 suspicione
1357 690 1596 729 depravantur.

20 735 153 778 iHarum
179 735 263 766 ratio
294 746 310 766 a
338 734 510 765 christianae
533 734 707 764 charitatis
738 735 835 764 tracia
861 734 1029 775 legibusin
1056 731 1267 775 indigentium
1293 732 1497 764 sublevandis
1514 731 1598 762 cala-

20 779 198 817 ·mitatibus
224 784 295 809 tota
328 777 496 811 versatur.
527 779 632 816 Hujus
664 775 720 808 ille
743 779 876 809 virtutis
899 777 1065 818 splendore
1085 785 1208 808 mature
1232 775 1408 808 delectatus
1430 776 1518 808 abuti
1543 774 1594 805 di-

18 816 108 855 ‘vino
133 823 286 855 beneficio
310 821 366 853 fibi
388 822 580 859 videbatur,
605 821 663 852 nisi
683 823 838 863 perampli
854 821 1041 862 patrimonii
1065 822 1174 863 copias
1189 821 1327 861 ‚quibus
1350 821 1381 851 in
1397 818 1598 861 opulentiffi.

17 870 80 897 lma
105 875 140 898 ac
165 865 353 897 nobiliffima
381 866 480 898 domo
505 871 575 895 erat
600 866 768 897 instruetus
784 868 847 905 ,ad
865 867 1025 907 egentium
1041 864 1115 896 usus
1139 864 1342 896 traduceret.
1363 865 1493 907 Quanta
1519 862 1602 894 alio-

13 916 101 954 grum
125 910 226 942 studia
249 909 281 941 in
295 910 524 950 comparandis
549 909 803 951 colligendisque
823 910 950 941 divitiis
968 912 1026 940 ess'e
1043 909 1168 945 solent,
1184 914 1274 938 tanta
1287 908 1378 940 illius
1401 914 1467 939 erat
1482 906 1600 939 alacri-

14 956 78 986 ²tas
104 951 136 984 in
170 953 342 994 largiendis
368 975 377 984 .
413 953 530 985 Divini
554 954 678 985 consilii
714 955 883 992 rationes,
907 953 1023 995 quibus
1049 962 1223 995 pauperum
1261 953 1500 984 calamitatibus
1525 951 1601 981 esset

12 1001 156 1038 lcautum
167 1008 202 1029 ac
217 995 379 1038 provisum
396 1017 405 1032 ,
425 997 592 1029 interverti
622 997 770 1029 censebat
791 1006 888 1040 atque
914 999 1063 1038 intercipi
1079 1024 1087 1037 ‚
1104 999 1124 1028 fi
1149 1003 1206 1026 aut
1230 996 1366 1028 avaritia
1393 997 1597 1027 obstrueren-

10 1049 170 1080 ποι-,αυτ
182 1043 221 1072 ad
243 1042 355 1072 fastum
377 1046 473 1083 atque
500 1041 668 1072 illecebras
692 1041 1019 1082 derivarentur,quae
1034 1041 1074 1072 ad
1097 1040 1232 1070 aliorum
1258 1040 1423 1074 levandam
1449 1040 1594 1080 inopiam

9 1086 202 1119 :redundare
226 1090 395 1124 oporteret
420 1106 428 1115 .
465 1083 602 1115 Proinde
627 1095 697 1115 cum
720 1084 917 1126 dignitatum
941 1085 1164 1117 accessionibus
1187 1083 1298 1115 census
1324 1094 1409 1125 aeque
1434 1085 1592 1115 auctiores

7 1130 15 1156 i-
28 1131 82 1160 effe
97 1128 437 1170 intelligeret‚mirifice
453 1127 603 1170 gestiebat
617 1128 820 1160 liberalitatis
836 1130 1016 1162 exerceudae
1029 1129 1082 1161 fibi
1098 1129 1153 1159 effe
1170 1130 1247 1158 fines
1263 1136 1466 1169 prorogatos.
1481 1129 1594 1167 Quan-

0 1180 80 1205 1=1tus
104 1185 180 1206 vero
206 1174 268 1206 fuit
286 1176 318 1207 in
345 1171 404 1202 illo
429 1175 544 1210 ardor,
567 1182 639 1203 cum
665 1173 705 1203 ad
720 1174 910 1205 patavinum
927 1174 1145 1206 Sacerdotium
1169 1173 1296 1203 evectus
1323 1181 1426 1203 novos
1456 1174 1511 1203 sibi
1533 1181 1593 1212 pa-

0 1210 159 1250 i‘rtefactos
186 1219 244 1248 effe
269 1214 401 1253 cursuS,
424 1224 517 1259 atque
543 1216 696 1256 ampliora
719 1218 757 1247 ad
781 1221 927 1258 praeclare
951 1219 989 1249 de
1015 1218 1089 1249 aliis
1115 1216 1303 1247 merendum
1330 1215 1359 1247 se
1384 1217 1509 1246 nactum
1533 1217 1591 1247 esse

0 1257 11 1298 'J'
27 1260 124 1302 spatia
148 1261 332 1303 agnosceret
354 1260 365 1291 ?
388 1262 457 1296 Jam
482 1260 549 1301 ipsa
574 1259 779 1291 liberalitatis
802 1261 1033 1293 consuetudine
1060 1262 1100 1291 ad
1126 1260 1282 1301 agendum
1307 1260 1469 1300 paratior,
1495 1266 1589 1300 atque

0 1307 9 1332 τ4
26 1305 254 1338 inflammatior
281 1311 362 1336 hunc
386 1304 665 1344 praestantissimum
693 1307 750 1335 esse
776 1305 910 1336 honoris
938 1304 985 1336 sui
1006 1307 1142 1338 fruClum
1168 1305 1355 1344 reputabat,
1381 1304 1468 1344 quod
1494 1303 1588 1334 illam

6 1349 121 1380 xetiam
145 1349 330 1381 facultatem
353 1349 498 1387 afferret,
522 1355 560 1378 ut
586 1358 681 1388 opera
701 1347 765 1388 ipse
794 1349 847 1380 sua
871 1360 906 1380 ac
940 1350 1090 1380 industria
1120 1349 1349 1388 praestantiores
1384 1347 1589 1379 liberalitatis

0 1405 6 1431 ¹g
25 1395 128 1436 partes
158 1393 339 1429 cumulare,
356 1394 384 1424 8<
408 1393 446 1422 ad
475 1391 589 1432 inopiae
609 1392 793 1430 adjumenta
818 1393 985 1434 religionis
1009 1393 1106 1424 etiam
1132 1401 1165 1422 ac
1187 1392 1317 1432 pietatis
1342 1390 1497 1427 subsidia,
1516 1401 1586 1432 quae

24 1437 123 1480 prima
138 1436 269 1474 juvandi
283 1438 358 1467 esset
378 1436 484 1474 ratio,
508 1438 606 1476 posset
630 1438 839 1476 conjungere.
862 1439 921 1468 Sed
935 1446 1074 1478 quonam
1095 1437 1160 1469 alio
1180 1436 1212 1466 in
1234 1436 1306 1467 loco
1328 1435 1509 1474 praeclarius
1525 1437 1586 1465 hoc

24 1481 189 1514 charitatis
215 1480 370 1520 specimen
392 1488 487 1521 atque
511 1480 673 1519 exemplar
696 1479 825 1520 spectari
850 1482 981 1519 potuit,
1007 1491 1100 1522 quam
1130 1482 1161 1512 in
1186 1481 1246 1510 hoc
1271 1479 1396 1510 summo
1421 1479 1587 1520 religionis

28 1525 154 1568 gradu?
178 1525 256 1566 Quae
269 1524 354 1555 enim
381 1525 422 1554 est
449 1524 514 1555 ulla
543 1523 657 1554 civitas
682 1531 747 1554 tam
775 1525 871 1555 certis
896 1535 931 1555 ac
952 1532 1017 1556 tam
1042 1523 1180 1566 propriis
1202 1525 1264 1554 fixa
1291 1524 1319 1555 Sc
1347 1523 1478 1552 fundata
1503 1523 1587 1563 legi-

26 1571 105 1607 bus,
130 1578 226 1609 quam
252 1570 293 1599 est
313 1567 480 1598 charitatis
497 1566 651 1597 institutis
678 1569 738 1598 hoc
760 1567 927 1609 religionis
950 1568 1122 1599 stabilitum
1148 1565 1316 1606 imperium
1333 1590 1341 1601 ‚
1365 1567 1457 1603 ‘ssiu‘
1477 1566 1587 1596 omssiS

26 1611 213 1653 disciplina,
235 1613 340 1643 omnis
365 1611 443 1650 juris
468 1609 639 1651 descriptio
666 1621 728 1641 una
750 1612 918 1642 charitatis
941 1610 1099 1643 sanctione
1128 1610 1412 1649 comprehenditur
1437 1608 1449 1639 ?
1474 1611 1584 1649 Atque

26 1658 120 1695 hujus
134 1655 357 1698 quidemlegis
382 1655 430 1686 vis
456 1655 493 1686 ab
519 1654 586 1694 ipso
608 1653 774 1696 religionis
800 1656 980 1688 Conditore
1003 1657 1143 1696 profecta
1165 1655 1204 1685 ad
1229 1655 1374 1685 omnium
1397 1652 1585 1685 societatem

23 1700 193 1733 arctissimis
221 1700 451 1731 benevolentia:
479 1698 616 1730 vinculis
643 1699 858 1740 colligandam
887 1700 949 1730 late
978 1701 1163 1737 delabitur3
1200 1705 1306 1729 tamen
1343 1698 1375 1728 in
1410 1707 1589 1737 pauperum

24 1751 115 1786 atque
139 1743 299 1785 egentium
321 1743 525 1777 sublevandis
551 1742 687 1774 miseriis
712 1744 903 1784 potiffimum
931 1746 1095 1783 canitur,
1122 1744 1236 1783 quippe
1262 1751 1330 1782 quae
1352 1743 1461 1771 nostrae
1488 1741 1583 1781 ipsius

25 1788 55 1820 in
70 1789 175 1819 Deum
190 1787 318 1828 pietatis
344 1795 439 1827 atque
464 1787 584 1818 amoris
607 1787 737 1818 modum
754 1791 817 1818 una*
838 1790 1012 1830 eademque
1038 1787 1168 1819 definiat
1183 1809 1191 1818 .
1215 1784 1405 1824 Hujusmodi
1427 1784 1503 1826 legis
1528 1785 1582 1815 in-

26 1832 144 1864 stitutis
166 1841 237 1862 cum
263 1840 393 1863 caeteros
432 1840 545 1862 omnes
573 1832 757 1862 constrictos
786 1833 1004 1874 intelligeret,
1029 1839 1097 1863 tum
1121 1830 1151 1862 se
1179 1830 1370 1871 potissimum
1398 1829 1522 1865 teneri,
1547 1837 1583 1859 ac

25 1883 176 1917 tanquam
193 1877 354 1907 acerrimis
370 1875 503 1907 stimulis
517 1875 649 1907 excitari
672 1874 850 1914 sentiebat,
878 1883 916 1906 ut
937 1876 1082 1918 imperii,
1105 1876 1154 1906 cui
1180 1875 1379 1915 praesideret,
1403 1872 1580 1913 principem

27 1918 129 1961 legem
144 1919 197 1950 sua
213 1918 276 1960 ipse
294 1929 410 1960 opera,
431 1919 489 1951 suo
513 1918 662 1959 exemplo
686 1922 874 1952 roboraret.
889 1921 979 1952 Tunc
1000 1929 1016 1950 a
1040 1919 1070 1950 se
1094 1918 1240 1959 praeclare
1261 1919 1377 1960 gestum
1406 1916 1580 1956 imperium

28 1964 225 1995 existimabar
241 1984 250 2000 ,
272 1974 343 1995 cum
364 1962 550 1994 miserorum
575 1963 712 1995 vindicis
735 1974 769 1995 ac
785 1974 958 2004 pauperum
985 1964 1127 2007 parentis
1150 1964 1224 1994 ess'et
1249 1961 1353 1993 officio
1379 1961 1578 2001 perfunftus3

27 2007 170 2037 humanis
203 2007 333 2048 quidem
355 2007 525 2038 civitatum
554 2007 676 2050 legibus
707 2009 925 2039 incolumitati
952 2019 986 2041 ac
1012 2008 1190 2039 commodis
1220 2006 1339 2037 civium
1379 2014 1465 2045 aequa
1500 2003 1582 2040 juris

27 2050 235 2090 descriptione
261 2051 338 2083 satis
366 2051 422 2081 eise
447 2050 649 2088 consultum
670 2050 758 2082 solos
784 2061 839 2082 eos
863 2052 987 2091 deseri,
1012 2062 1121 2082 eorum
1146 2050 1279 2082 miseriis
1307 2049 1438 2080 minime
1463 2046 1581 2084 caveri3

24 2095 155 2135 proinde
169 2095 334 2126 charitatis
360 2095 393 2125 id
408 2095 463 2125 esse
488 2095 610 2135 legibus
632 2094 828 2126 sarciendum
840 2121 848 2134 ,
863 2097 953 2128 ultro
968 2106 1080 2127 eorum
1108 2096 1200 2126 malis
1227 2092 1457 2125 occurrendum
1472 2113 1481 2127 ‚
1494 2089 1584 2121 ultro

25 2139 157 2169 fortunae
182 2138 410 2180 iniquitatem,
433 2138 549 2179 quibus
573 2139 641 2169 fieri
664 2141 755 2180 poffit
778 2141 952 2182 praefidiis,
968 2140 1178 2171 amovendam
1197 2138 1437 2182 ,Qamobrem
1452 2143 1584 2165 omnent

26 2180 58 2211 in
81 2193 120 2212 eo
143 2180 327 2214 industriam
351 2182 477 2224 posuit,
501 2189 539 2212 ut
561 2183 616 2223 qui
642 2183 779 2214 maxime
800 2184 871 2223 opis
898 2183 1080 2224 indigerent
1106 2184 1135 2220 ,⁷
1151 2182 1264 2214 sedulo
1293 2179 1518 2221 conquireret,
1545 2188 1582 2209 asc

22 2233 132 2255 eorum
155 2225 247 2256 malis
271 2227 450 2257 mederetur
465 2247 474 2257 .
493 2225 759 2261 Jucundisfimum
777 2226 959 2258 sedulitatis
986 2226 1148 2266 praemium
1167 2225 1359 2264 percipiebat
1373 2248 1382 2261 ,
1397 2232 1468 2252 cum
1491 2221 1582 2253 orbi-

24 2267 80 2298 tati
94 2268 264 2305 solatium,
278 2270 438 2310 pudicitiae
454 2269 609 2309 tutelam,
636 2271 815 2311 perfugium
840 2270 985 2307 miseris,
1008 2270 1135 2310 egestati
1157 2269 1331 2309 praesidium
1362 2271 1584 2305 comparatum

23 2320 39 2341 a
64 2310 94 2342 se
115 2315 172 2344 else
195 2312 413 2356 intelligeret.
437 2312 468 2346 si
493 2312 669 2360 aliquando
699 2325 775 2345 vero
799 2322 983 2356 temporum
1006 2313 1175 2356 asperitate
1203 2313 1294 2344 fieret
1313 2336 1323 2352 ,
1349 2318 1386 2342 ut
1409 2318 1583 2381 paupprum

1456 2361 1490 2382 ca
1507 2362 1543 2383 a-
