2054 2765
413 360 604 447 mss,

353 911 356 912 γ
399 880 413 911 Ῑ
437 878 581 918 praeclare
606 881 704 917 gestas*
732 880 789 911 effe
815 879 1010 921 respublicas
1034 881 1225 912 arbitramur
1241 882 1384 913 ERPP.
1405 881 1622 922 cumiisdem,

408 923 523 964 quibus
547 923 696 953 institutae
717 923 809 962 sunt,
829 932 982 966 reguntur
995 925 1142 961 artibus3
1166 924 1254 955 nulla
1269 926 1413 966 profetia
1429 927 1460 957 in
1481 927 1621 961 maximo

334 992 359 1009 l„
411 969 470 998 hcc
492 965 657 1006 religionis
680 968 877 999 moderando
891 968 1027 1009 imperio
1050 967 1201 1000 illustrior
1217 969 1285 999 iaus
1309 971 1366 1001 effe
1380 970 1499 1006 debet,
1525 981 1622 1012 quam

411 1011 430 1040 fi
452 1010 556 1042 omnis
581 1010 669 1040 illius
684 1012 922 1042 administrandi
945 1012 1029 1042 ratio
1047 1011 1087 1041 ad
1104 1021 1171 1041 eam
1187 1021 1333 1043 normam
1355 1013 1534 1054 dirigatur,
1559 1024 1621 1054 qua

341 1087 346 1093 ¹
409 1055 446 1084 ab
466 1053 535 1093 ipso
552 1055 690 1084 Auaore
714 1064 748 1085 ac
761 1055 937 1086 Conditore
951 1058 1027 1087 Deo
1055 1054 1140 1085 idem
1161 1056 1370 1088 constitutum
1395 1066 1430 1088 ac
1445 1056 1620 1088 stabilitum

296 1117 319 1119 μ
410 1098 496 1128 fuisse
506 1096 622 1128 scimus
635 1119 643 1127 .
667 1097 734 1141 Qi
747 1108 818 1129 cum
831 1097 1062 1131 omnemiliius
1084 1097 1148 1130 vim
1169 1108 1205 1130 ac
1219 1099 1394 1131 universam
1411 1100 1517 1141 legum
1533 1111 1620 1132 com-

314 1138 367 1179 fe
408 1141 644 1180 prelienfionem
667 1143 740 1173 vitae
763 1141 928 1173 sanffltate
951 1142 1133 1174 innocentia
1152 1152 1186 1173 ac
1209 1143 1390 1186 integritate
1403 1154 1529 1174 morum
1542 1155 1619 1176 cou-

338 1182 363 1193 Ψ
407 1184 500 1216 tineri
527 1184 694 1224 voluerit,
716 1185 794 1227 quid
820 1186 1026 1226 praestabilius
1046 1206 1055 1221 ,
1073 1186 1149 1227 quid
1171 1185 1264 1219 laude
1285 1195 1383 1230 atque
1407 1187 1619 1220 admiratione

47 1232 149 1260 nostra
175 1228 305 1269 dignius
332 1229 365 1259 in
391 1229 430 1260 iis
456 1229 513 1260 esse
541 1230 664 1268 potest,
691 1232 746 1271 qui
762 1232 930 1260 Sacrorum
953 1232 1061 1263 Duces
1083 1239 1118 1260 ac
1147 1230 1307 1273 Principes
1325 1232 1398 1264 huic
1415 1241 1519 1262 rerum
1532 1231 1619 1263 sum-

51 1283 107 1304 mae
131 1279 226 1313 atque
256 1279 374 1303 aeterno
399 1273 582 1305 sacerdotio
608 1274 748 1313 regendo
771 1273 930 1313 praesunt,
959 1283 1054 1316 quam
1075 1273 1097 1303 fi
1117 1275 1208 1310 cujus
1228 1275 1320 1308 nobis
1345 1275 1534 1316 dignitatem
1558 1287 1618 1316 po-

53 1319 259 1358 testatemque
286 1318 452 1354 referunt,
478 1316 616 1353 ejusdem
641 1315 838 1349 sanaitatem
861 1318 958 1348 etiam
984 1317 1162 1357 exprimant
1181 1342 1191 1356 ‚
1224 1326 1319 1361 atque
1341 1319 1392 1349 his
1418 1321 1456 1351 ab
1481 1319 1540 1349 illo
1565 1321 1617 1350 di.

51 1361 198 1392 vinitatis
223 1367 375 1401 tanquam
399 1360 549 1400 impressis
576 1359 716 1402 vestigiis
743 1360 909 1393 infistaut?
935 1362 1042 1399 Quare
1067 1361 1182 1392 merito
1199 1363 1411 1394 florentissima
1433 1372 1467 1394 ea
1487 1363 1619 1404 religio-

49 1407 97 1439 nis
122 1413 265 1444 tempora
295 1404 382 1435 fuisse
411 1410 650 1443 memorantur,
676 1414 743 1446 quae
771 1403 952 1443 hujusmodi
974 1405 1163 1436 Pontificum
1186 1404 1349 1437 sanffitate
1376 1407 1512 1438 maxime
1525 1407 1618 1450 'illu-

47 1450 118 1488 stria
143 1449 322 1481 extiterunt
338 1470 346 1478 .
368 1449 437 1479 Nos
463 1449 518 1488 ipfi
542 1448 615 1478 huic
638 1452 747 1481 nostrae
767 1449 851 1479 aetati
871 1448 1026 1490 gratulari
1041 1473 1050 1486 ,
1072 1447 1191 1487 ucsque
1217 1451 1330 1481 divino
1360 1449 1534 1490 praesertim
1562 1453 1619 1482 be-

48 1493 160 1527 neficio
194 1490 359 1522 obstrictos
401 1492 494 1522 fateri
531 1492 682 1523 debemus
710 1516 719 1529 ‚
749 1493 804 1534 qui
839 1493 935 1529 hujus
968 1490 1158 1523 excellentis
1192 1493 1326 1524 virtutis
1357 1493 1518 1533 exemplar
1553 1494 1617 1525 in„

48 1535 288 1571 cLEtzENTE
315 1536 408 1567 XIII.
433 1541 622 1566 renovatum
648 1535 800 1577 nobisque
825 1535 1022 1575 propositum
1047 1534 1187 1565 vidimus
1218 1560 1226 1568 .
1252 1538 1332 1567 Nam
1359 1539 1379 1567 fi
1403 1547 1443 1567 ex
1465 1537 1617 1578 cujusque

47 1578 207 1614 *institutis
233 1585 333 1619 atque
358 1580 430 1609 afiae
450 1579 524 1610 vitae
548 1589 660 1619 genere
685 1587 836 1620 tanquam
863 1590 903 1609 ex
932 1578 998 1608 oris
1013 1578 1214 1609 lineamentis
1240 1580 1341 1610 forma
1370 1581 1511 1621 quaedam
1537 1591 1617 1612 exo-

49 1626 102 1659 riri
128 1626 210 1658 solet
235 1647 244 1660 ‚
275 1633 342 1664 quae
362 1622 454 1654 nobis
484 1629 524 1653 ut
541 1622 637 1653 alieni
662 1623 771 1654 vultus
794 1623 1036 1654 fimiiitudinem
1057 1643 1066 1657 ,
1103 1621 1141 1652 fic
1164 1623 1336 1664 imaginem
1359 1625 1542 1655 animorum
1568 1635 1618 1654 re-

50 1670 153 1708 ferat,
193 1666 444 1700 CLEMENTIS
472 1667 572 1698 vitam
595 1676 724 1698 omnem
750 1666 902 1699 memoria
939 1664 1125 1706 repetenti,
1161 1668 1237 1707 quid
1270 1666 1359 1699 aliud
1387 1668 1526 1699 occurrit
1562 1674 1616 1698 at-

53 1725 110 1754 que
142 1713 293 1744 obiicitur
328 1712 436 1742 animo
456 1735 463 1747 ‚
497 1719 592 1752 quam
622 1711 764 1751 quaedam
798 1720 925 1742 morum
963 1715 1060 1749 atque
1096 1710 1257 1741 afficnum
1293 1712 1374 1741 ratio
1397 1712 1436 1742 ad
1458 1721 1536 1742 verae
1561 1714 1617 1743 ab-

51 1757 225 1798 solutasque
248 1756 381 1787 virtutis
405 1754 679 1795 pulchritudinem
700 1754 926 1787 conformata?
956 1755 1016 1785 Sed
1041 1754 1291 1793 extinetumjam
1303 1755 1456 1796 singulare
1471 1754 1616 1787 hoesan-

56 1802 173 1833 &itatis
190 1800 298 1830 lumen
314 1824 322 1836 ‚
350 1799 503 1839 nobisque
525 1807 654 1838 repente
682 1798 840 1831 sublatum
866 1805 961 1838 atque
985 1804 1129 1838 ereptum
1154 1799 1336 1832 intuemur.
1361 1800 1457 1837 Quod
1472 1809 1615 1831 moeren-

51 1846 138 1887 tibus}
167 1851 263 1885 atque
289 1843 410 1874 affliCtis
434 1842 464 1873 in
479 1842 564 1873 luem
581 1852 615 1872 ac
637 1842 751 1873 dolore
773 1842 1026 1881 jucundiffimum
1046 1842 1105 1871 effe
1120 1841 1202 1874 solet
1216 1867 1223 1878 ‚
1248 1843 1331 1874 illud
1345 1842 1438 1873 nobis
1467 1850 1615 1874 tantum.

51 1889 146 1921 modo
174 1890 215 1919 est
242 1887 398 1928 reiiquum
420 1911 428 1924 ,
455 1894 493 1916 ut
514 1885 615 1917 sansse
640 1888 677 1917 ab
703 1887 761 1918 ino
782 1888 854 1917 afflae
880 1886 951 1917 xitae
974 1885 1129 1916 memoria
1151 1887 1270 1917 Ιιιξὶυιῃ
1295 1897 1328 1918 ac
1355 1896 1527 1918 moerorem
1553 1898 1616 1918 no-

48 1935 139 1965 strum
166 1931 320 1962 leniamus
336 1953 344 1961 .
371 1935 478 1973 Atque
503 1932 561 1960 hoc
583 1931 621 1961 de
645 1930 736 1961 illius
764 1930 912 1961 laudibus
941 1929 1068 1961 dicendi
1093 1929 1275 1967 impofitum
1303 1931 1510 1962 mihimunus
1523 1930 1613 1963 facile

41 1978 172 2018 quidem
199 1973 383 2006 sustinerem
400 1999 409 2013 ‚
432 1985 532 2014 neque
553 1973 617 2015 ipsa
634 1985 682 2004 me
697 1984 804 2005 rerum
824 1974 964 2016 dignitas
978 1984 1012 2004 ac
1027 1972 1116 2013 copia
1132 1975 1306 2005 deterreret
1320 2001 1327 2014 ‚
1349 1975 1369 2005 fi
1391 1975 1507 2014 optimi
1522 1976 1614 2006 Prin-

42 2021 123 2061 cipis
152 2019 186 2051 in
207 2029 254 2049 me
272 2020 462 2050 meritorum
490 2019 704 2058 magnitudini
723 2028 829 2059 parem
844 2019 1024 2049 orationem
1050 2017 1194 2048 invenire
1209 2019 1325 2057 poffem
1340 2041 1347 2050 .
1374 2019 1467 2049 Nunc
1479 2029 1512 2048 ea
1528 2017 1612 2059 ipsa,

45 2075 111 2105 quae
137 2064 175 2094 ad
201 2062 371 2094 dicendum
396 2061 577 2102 amplissima
603 2064 715 2100 effent,
741 2073 793 2093 me
817 2063 919 2103 magis
945 2060 1125 2101 impediunt
1148 2071 1181 2092 ac
1204 2065 1394 2100 perturbant
1417 2087 1426 2099 ‚
1460 2064 1488 2093 8<
1508 2061 1613 2092 nescio

47 2108 207 2148 quomodo
226 2106 347 2148 ingenii
376 2106 436 2137 mei
457 2106 647 2136 tenuitatem
671 2116 734 2136 non
761 2113 825 2137 tam
854 2105 987 2137 excitari
1008 2103 1112 2135 sentio
1137 2105 1226 2137 officii
1248 2105 1494 2141 recordatione,
1518 2116 1613 2145 quan

48 2150 79 2181 vi
103 2150 224 2182 doloris
260 2150 398 2191 opprimi
431 2155 524 2190 atque
557 2150 724 2191 extingui.
750 2151 809 2180 Sed
834 2152 939 2180 vestrae
965 2148 1174 2188 benignitatis
1199 2149 1250 2189 spe
1277 2159 1400 2180 recreor
1423 2158 1457 2180 ac
1490 2150 1614 2181 reficior

49 2190 118 2226 ΞΕ.
136 2195 193 2226 ΡΡ.
215 2193 340 2235 Vosque
367 2193 497 2224 obsecro
519 2217 527 2230 ,
556 2199 592 2222 ut
616 2203 664 2224 me
691 2192 722 2222 in
744 2191 923 2223 sustinendo
949 2192 1125 2232 gravissimo
1154 2203 1282 2223 munere
1306 2192 1492 2223 :infimitate
1515 2195 1613 2226 vestra

49 2237 212 2279 suscepto,
236 2239 437 2269 humanitate
462 2237 539 2267 item
564 2239 662 2268 vestra
687 2235 884 2272 subrevetis,
911 2242 1004 2276 atque
1021 2234 1259 2266 eximiasinius
1286 2236 1393 2266 laudes
1417 2237 1510 2268 vobis
1523 2238 1614 2276 opti.-

56 2293 102 2312 me
124 2282 268 2322 cognitas
292 2293 326 2312 ac
349 2280 547 2323 perspeenas.
581 2291 649 2321 quae
671 2290 772 2319 neque
795 2279 871 2310 satis
897 2286 1008 2310 ornate
1033 2288 1135 2320 neque
1163 2281 1323 2321 magnifice
1348 2290 1404 2320 pro
1430 2281 1614 2315 earumdem

55 2326 224 2367 praestantia
240 2326 349 2357 referri
367 2337 383 2358 a
406 2335 454 2356 me
477 2325 603 2366 possunt
617 2352 626 2367 ‚
652 2334 710 2356 vos
726 2324 782 2366 ipfi
798 2324 891 2356 vobis
907 2323 1013 2355 animo
1028 2325 1056 2355 ἃ
1070 2322 1265 2364 cogitatione
1280 2326 1379 2358 vestra
1391 2322 1567 2357 subiiciatis
1582 2348 1591 2359 ,

1502 2370 1569 2400 At·
