<?xml version="1.0" encoding="UTF-8"?>
<!DOCTYPE html PUBLIC "-//W3C//DTD XHTML 1.0 Transitional//EN"
    "http://www.w3.org/TR/xhtml1/DTD/xhtml1-transitional.dtd">
<html xmlns="http://www.w3.org/1999/xhtml" xml:lang="en" lang="en">
 <head>
  <title>
</title>
<meta http-equiv="Content-Type" content="text/html;charset=utf-8" />
  <meta name='ocr-system' content='tesseract 3.04.00' />
  <meta name='ocr-capabilities' content='ocr_page ocr_carea ocr_par ocr_line ocrx_word'/>
</head>
<body>
  <div class='ocr_page' id='page_1' title='image "./oratioinfunerecl00stay/oratioinfunerecl00stay_0008.png"; bbox 0 0 2054 2765; ppageno 0'>
   <div class='ocr_carea' id='block_1_1' title="bbox 432 0 2054 1731">
    <p class='ocr_par' dir='ltr' id='par_1_1' title="bbox 438 0 2054 1380">
     <span class='ocr_line' id='line_1_1' title="bbox 2003 0 2006 19; baseline 0 0"><span class='ocrx_word' id='word_1_1' title='bbox 2003 0 2006 19; x_wconf 75' lang='grc' dir='ltr'>ι</span> 
     </span>
     <span class='ocr_line' id='line_1_2' title="bbox 2004 69 2007 85; baseline 0 0"><span class='ocrx_word' id='word_1_2' title='bbox 2004 69 2007 85; x_wconf 76' lang='lat' dir='ltr'>l</span> 
     </span>
     <span class='ocr_line' id='line_1_3' title="bbox 2005 89 2007 108; baseline 0 0"><span class='ocrx_word' id='word_1_3' title='bbox 2005 89 2007 108; x_wconf 68' lang='grc' dir='ltr'>ι</span> 
     </span>
     <span class='ocr_line' id='line_1_4' title="bbox 455 106 2054 201; baseline 0.02 -36"><span class='ocrx_word' id='word_1_4' title='bbox 455 143 528 167; x_wconf 87' lang='lat' dir='ltr'>nem</span> <span class='ocrx_word' id='word_1_5' title='bbox 554 138 690 169; x_wconf 86' lang='lat' dir='ltr'>aliorum</span> <span class='ocrx_word' id='word_1_6' title='bbox 712 140 810 172; x_wconf 85' lang='lat' dir='ltr'>etiam</span> <span class='ocrx_word' id='word_1_7' title='bbox 824 141 1047 176; x_wconf 79' lang='lat' dir='ltr'>assentationes</span> <span class='ocrx_word' id='word_1_8' title='bbox 1069 106 1260 180; x_wconf 43' lang='lat' dir='ltr'>incumbunt</span> <span class='ocrx_word' id='word_1_9' title='bbox 1276 108 1517 196; x_wconf 55' lang='lat' dir='ltr'>Pquamlonge‘</span> <span class='ocrx_word' id='word_1_10' title='bbox 1532 158 1570 189; x_wconf 83' lang='lat' dir='ltr'>ab</span> <span class='ocrx_word' id='word_1_11' title='bbox 1596 158 1779 196; x_wconf 85' lang='lat' dir='ltr'>hujusmodi</span> <span class='ocrx_word' id='word_1_12' title='bbox 1792 162 1917 196; x_wconf 89' lang='lat' dir='ltr'>blandis</span> <span class='ocrx_word' id='word_1_13' title='bbox 1942 179 1985 201; x_wconf 79' lang='lat' dir='ltr'>vo</span> <span class='ocrx_word' id='word_1_14' title='bbox 2039 176 2054 199; x_wconf 80' lang='lat' dir='ltr'>n</span> 
     </span>
     <span class='ocr_line' id='line_1_5' title="bbox 454 179 2054 248; baseline 0.021 -40"><span class='ocrx_word' id='word_1_15' title='bbox 454 179 548 211; x_wconf 88' lang='lat' dir='ltr'>cibus</span> <span class='ocrx_word' id='word_1_16' title='bbox 569 183 795 216; x_wconf 80' lang='lat' dir='ltr'>abhorrentem</span> <span class='ocrx_word' id='word_1_17' title='bbox 809 192 906 229; x_wconf 81' lang='lat' dir='ltr'>atque</span> <span class='ocrx_word' id='word_1_18' title='bbox 933 187 1057 221; x_wconf 82' lang='lat' dir='ltr'>eximiae</span> <span class='ocrx_word' id='word_1_19' title='bbox 1074 191 1210 224; x_wconf 87' lang='lat' dir='ltr'>virtutis</span> <span class='ocrx_word' id='word_1_20' title='bbox 1235 194 1411 235; x_wconf 86' lang='lat' dir='ltr'>cupiditate</span> <span class='ocrx_word' id='word_1_21' title='bbox 1439 202 1662 233; x_wconf 82' lang='lat' dir='ltr'>vehementius</span> <span class='ocrx_word' id='word_1_22' title='bbox 1688 208 1936 248; x_wconf 80' lang='lat' dir='ltr'>conflagrantem</span> <span class='ocrx_word' id='word_1_23' title='bbox 1957 213 1996 245; x_wconf 86' lang='lat' dir='ltr'>ad</span> <span class='ocrx_word' id='word_1_24' title='bbox 2024 210 2054 245; x_wconf 60' lang='lat' dir='ltr'>atri</span> 
     </span>
     <span class='ocr_line' id='line_1_6' title="bbox 453 224 2054 293; baseline 0.022 -41"><span class='ocrx_word' id='word_1_25' title='bbox 453 224 559 255; x_wconf 89' lang='lat' dir='ltr'>mirati</span> <span class='ocrx_word' id='word_1_26' title='bbox 592 225 728 259; x_wconf 78' lang='lat' dir='ltr'>sumus?</span> <span class='ocrx_word' id='word_1_27' title='bbox 753 230 943 272; x_wconf 82' lang='lat' dir='ltr'><strong>Quanquam</strong></span> <span class='ocrx_word' id='word_1_28' title='bbox 971 232 1004 263; x_wconf 88' lang='lat' dir='ltr'>in</span> <span class='ocrx_word' id='word_1_29' title='bbox 1022 236 1115 266; x_wconf 89' lang='lat' dir='ltr'>rebus</span> <span class='ocrx_word' id='word_1_30' title='bbox 1138 236 1363 281; x_wconf 82' lang='lat' dir='ltr'>persequendis</span> <span class='ocrx_word' id='word_1_31' title='bbox 1387 243 1460 275; x_wconf 80' lang='lat' dir='ltr'>&amp;m</span> <span class='ocrx_word' id='word_1_32' title='bbox 1485 243 1619 286; x_wconf 81' lang='lat' dir='ltr'>ingeniis</span> <span class='ocrx_word' id='word_1_33' title='bbox 1642 248 1807 280; x_wconf 84' lang='lat' dir='ltr'>hominum</span> <span class='ocrx_word' id='word_1_34' title='bbox 1820 253 1992 293; x_wconf 85' lang='lat' dir='ltr'>cognoscen</span> <span class='ocrx_word' id='word_1_35' title='bbox 2025 255 2054 288; x_wconf 64' lang='lat' dir='ltr'>&#39;ile</span> 
     </span>
     <span class='ocr_line' id='line_1_7' title="bbox 453 266 2054 340; baseline 0.021 -44"><span class='ocrx_word' id='word_1_36' title='bbox 453 266 504 297; x_wconf 88' lang='lat' dir='ltr'>dis</span> <span class='ocrx_word' id='word_1_37' title='bbox 527 267 624 299; x_wconf 86' lang='lat' dir='ltr'>animi</span> <span class='ocrx_word' id='word_1_38' title='bbox 646 269 872 311; x_wconf 76' lang='lat' dir='ltr'>sagacitatem,</span> <span class='ocrx_word' id='word_1_39' title='bbox 895 277 1034 318; x_wconf 55' lang='lat' dir='ltr'>teretique</span> <span class='ocrx_word' id='word_1_40' title='bbox 1051 289 1085 309; x_wconf 89' lang='lat' dir='ltr'>ac</span> <span class='ocrx_word' id='word_1_41' title='bbox 1104 281 1168 312; x_wconf 88' lang='lat' dir='ltr'>veri</span> <span class='ocrx_word' id='word_1_42' title='bbox 1192 283 1377 325; x_wconf 73' lang='lat' dir='ltr'>singularem</span> <span class='ocrx_word' id='word_1_43' title='bbox 1404 286 1651 330; x_wconf 82' lang='lat' dir='ltr'>intelligentiam</span> <span class='ocrx_word' id='word_1_44' title='bbox 1666 292 1698 323; x_wconf 92' lang='lat' dir='ltr'>in</span> <span class='ocrx_word' id='word_1_45' title='bbox 1713 292 1772 324; x_wconf 88' lang='lat' dir='ltr'>illo</span> <span class='ocrx_word' id='word_1_46' title='bbox 1785 304 1897 326; x_wconf 87' lang='lat' dir='ltr'>omnes</span> <span class='ocrx_word' id='word_1_47' title='bbox 1913 307 1993 340; x_wconf 87' lang='lat' dir='ltr'>agno</span> <span class='ocrx_word' id='word_1_48' title='bbox 2026 308 2054 338; x_wconf 58' lang='grc' dir='ltr'>κω</span> 
     </span>
     <span class='ocr_line' id='line_1_8' title="bbox 451 309 2049 382; baseline 0.023 -43"><span class='ocrx_word' id='word_1_49' title='bbox 451 309 597 350; x_wconf 83' lang='lat' dir='ltr'>scerent,</span> <span class='ocrx_word' id='word_1_50' title='bbox 618 319 722 345; x_wconf 89' lang='lat' dir='ltr'>tamen</span> <span class='ocrx_word' id='word_1_51' title='bbox 746 317 800 348; x_wconf 87' lang='lat' dir='ltr'>fibi</span> <span class='ocrx_word' id='word_1_52' title='bbox 822 317 877 348; x_wconf 90' lang='lat' dir='ltr'>uni</span> <span class='ocrx_word' id='word_1_53' title='bbox 904 322 1260 362; x_wconf 77' lang='lat' dir='ltr'>nunquamfatIsfacere</span> <span class='ocrx_word' id='word_1_54' title='bbox 1284 336 1438 368; x_wconf 87' lang='lat' dir='ltr'>poterat,·</span> <span class='ocrx_word' id='word_1_55' title='bbox 1463 338 1532 364; x_wconf 88' lang='lat' dir='ltr'>tum</span> <span class='ocrx_word' id='word_1_56' title='bbox 1560 333 1758 369; x_wconf 85' lang='lat' dir='ltr'>suaetantum</span> <span class='ocrx_word' id='word_1_57' title='bbox 1782 337 1938 371; x_wconf 72' lang='lat' dir='ltr'>industriae</span> <span class='ocrx_word' id='word_1_58' title='bbox 1949 343 1991 374; x_wconf 85' lang='lat' dir='ltr'>mi</span> <span class='ocrx_word' id='word_1_59' title='bbox 2026 345 2049 382; x_wconf 61' lang='lat' dir='ltr'>bg,</span> 
     </span>
     <span class='ocr_line' id='line_1_9' title="bbox 452 355 2052 428; baseline 0.023 -44"><span class='ocrx_word' id='word_1_60' title='bbox 452 363 512 384; x_wconf 88' lang='lat' dir='ltr'>nus</span> <span class='ocrx_word' id='word_1_61' title='bbox 541 355 633 388; x_wconf 87' lang='lat' dir='ltr'>illum</span> <span class='ocrx_word' id='word_1_62' title='bbox 662 361 864 400; x_wconf 80' lang='lat' dir='ltr'>poenitebat,</span> <span class='ocrx_word' id='word_1_63' title='bbox 885 371 956 395; x_wconf 89' lang='lat' dir='ltr'>cum</span> <span class='ocrx_word' id='word_1_64' title='bbox 979 364 1059 396; x_wconf 85' lang='lat' dir='ltr'>nihil</span> <span class='ocrx_word' id='word_1_65' title='bbox 1084 367 1138 399; x_wconf 86' lang='lat' dir='ltr'>fibi</span> <span class='ocrx_word' id='word_1_66' title='bbox 1164 368 1351 411; x_wconf 84' lang='lat' dir='ltr'>ass&#39;umeret‚</span> <span class='ocrx_word' id='word_1_67' title='bbox 1387 384 1459 405; x_wconf 91' lang='lat' dir='ltr'>cum</span> <span class='ocrx_word' id='word_1_68' title='bbox 1486 387 1599 409; x_wconf 85' lang='lat' dir='ltr'>omnes</span> <span class='ocrx_word' id='word_1_69' title='bbox 1614 390 1715 418; x_wconf 79' lang='lat' dir='ltr'>operae</span> <span class='ocrx_word' id='word_1_70' title='bbox 1741 391 1776 414; x_wconf 80' lang='lat' dir='ltr'>ac</span> <span class='ocrx_word' id='word_1_71' title='bbox 1796 381 1931 416; x_wconf 67' lang='lat' dir='ltr'>solertia·</span> <span class='ocrx_word' id='word_1_72' title='bbox 1952 385 1986 419; x_wconf 87' lang='lat' dir='ltr'>su</span> <span class='ocrx_word' id='word_1_73' title='bbox 2031 395 2052 428; x_wconf 57' lang='lat' dir='ltr'>§qiu</span> 
     </span>
     <span class='ocr_line' id='line_1_10' title="bbox 449 401 2054 492; baseline 0.022 -65"><span class='ocrx_word' id='word_1_74' title='bbox 449 405 558 439; x_wconf 72' lang='lat' dir='ltr'>partes</span> <span class='ocrx_word' id='word_1_75' title='bbox 580 401 619 430; x_wconf 86' lang='lat' dir='ltr'>ad</span> <span class='ocrx_word' id='word_1_76' title='bbox 642 404 748 434; x_wconf 86' lang='lat' dir='ltr'>Deum</span> <span class='ocrx_word' id='word_1_77' title='bbox 771 407 880 435; x_wconf 66' lang='lat' dir='ltr'>cuneta</span> <span class='ocrx_word' id='word_1_78' title='bbox 911 408 1068 439; x_wconf 88' lang='lat' dir='ltr'>referendi</span> <span class='ocrx_word' id='word_1_79' title='bbox 1084 411 1186 443; x_wconf 80' lang='lat' dir='ltr'>studio</span> <span class='ocrx_word' id='word_1_80' title='bbox 1209 416 1412 450; x_wconf 76' lang='lat' dir='ltr'>cumularet.</span> <span class='ocrx_word' id='word_1_81' title='bbox 1436 421 1554 451; x_wconf 84' lang='lat' dir='ltr'>Verum</span> <span class='ocrx_word' id='word_1_82' title='bbox 1570 422 1651 454; x_wconf 89' lang='lat' dir='ltr'>illud</span> <span class='ocrx_word' id='word_1_83' title='bbox 1675 425 1822 464; x_wconf 81' lang='lat' dir='ltr'>praeclare</span> <span class='ocrx_word' id='word_1_84' title='bbox 1836 425 2015 492; x_wconf 32' lang='lat' dir='ltr'>usuvenit-eff</span> <span class='ocrx_word' id='word_1_85' title='bbox 2028 438 2054 467; x_wconf 56' lang='lat' dir='ltr'>tur</span> 
     </span>
     <span class='ocr_line' id='line_1_11' title="bbox 456 441 2054 519; baseline 0.021 -48"><span class='ocrx_word' id='word_1_86' title='bbox 456 441 598 473; x_wconf 83' lang='lat' dir='ltr'>vidimus</span> <span class='ocrx_word' id='word_1_87' title='bbox 622 467 631 481; x_wconf 93' lang='lat'><em>,</em></span> <span class='ocrx_word' id='word_1_88' title='bbox 653 455 688 477; x_wconf 89' lang='lat' dir='ltr'>ut</span> <span class='ocrx_word' id='word_1_89' title='bbox 704 458 743 479; x_wconf 82' lang='lat' dir='ltr'>ex</span> <span class='ocrx_word' id='word_1_90' title='bbox 764 450 822 479; x_wconf 88' lang='lat' dir='ltr'>hac</span> <span class='ocrx_word' id='word_1_91' title='bbox 845 447 908 489; x_wconf 79' lang='lat' dir='ltr'>ipsa</span> <span class='ocrx_word' id='word_1_92' title='bbox 922 451 1114 485; x_wconf 74' lang='lat' dir='ltr'>demisfioris</span> <span class='ocrx_word' id='word_1_93' title='bbox 1131 456 1227 495; x_wconf 76' lang='lat' dir='ltr'>animi</span> <span class='ocrx_word' id='word_1_94' title='bbox 1251 459 1414 492; x_wconf 82' lang='lat' dir='ltr'>alacritate</span> <span class='ocrx_word' id='word_1_95' title='bbox 1431 485 1440 499; x_wconf 92' lang='lat'><em>,</em></span> <span class='ocrx_word' id='word_1_96' title='bbox 1466 470 1617 506; x_wconf 83' lang='lat' dir='ltr'>tanquam</span> <span class='ocrx_word' id='word_1_97' title='bbox 1629 479 1669 499; x_wconf 82' lang='lat' dir='ltr'>ex</span> <span class='ocrx_word' id='word_1_98' title='bbox 1689 469 1842 503; x_wconf 84' lang='lat' dir='ltr'>altiffimis</span> <span class='ocrx_word' id='word_1_99' title='bbox 1856 472 2015 512; x_wconf 74' lang='lat' dir='ltr'>radicibus,</span> <span class='ocrx_word' id='word_1_100' title='bbox 2028 477 2054 519; x_wconf 53' lang='lat' dir='ltr'>:ngl</span> 
     </span>
     <span class='ocr_line' id='line_1_12' title="bbox 450 486 2054 559; baseline 0.022 -44"><span class='ocrx_word' id='word_1_101' title='bbox 450 486 579 517; x_wconf 84' lang='lat' dir='ltr'>uberior</span> <span class='ocrx_word' id='word_1_102' title='bbox 593 488 623 518; x_wconf 92' lang='lat' dir='ltr'>in</span> <span class='ocrx_word' id='word_1_103' title='bbox 641 489 707 528; x_wconf 84' lang='lat' dir='ltr'>ipso</span> <span class='ocrx_word' id='word_1_104' title='bbox 720 501 902 523; x_wconf 84' lang='lat' dir='ltr'>caeterarum</span> <span class='ocrx_word' id='word_1_105' title='bbox 931 495 1090 527; x_wconf 86' lang='lat' dir='ltr'>virtutum</span> <span class='ocrx_word' id='word_1_106' title='bbox 1119 499 1268 540; x_wconf 82' lang='lat' dir='ltr'>splendor</span> <span class='ocrx_word' id='word_1_107' title='bbox 1291 503 1428 535; x_wconf 88' lang='lat' dir='ltr'>eniteret</span> <span class='ocrx_word' id='word_1_108' title='bbox 1443 532 1452 545; x_wconf 90' lang='lat'>‚</span> <span class='ocrx_word' id='word_1_109' title='bbox 1476 516 1572 550; x_wconf 85' lang='lat' dir='ltr'>atque</span> <span class='ocrx_word' id='word_1_110' title='bbox 1603 510 1659 542; x_wconf 89' lang='lat' dir='ltr'>illa</span> <span class='ocrx_word' id='word_1_111' title='bbox 1699 516 1805 546; x_wconf 84' lang='lat' dir='ltr'>omnis</span> <span class='ocrx_word' id='word_1_112' title='bbox 1842 517 1994 550; x_wconf 82' lang='lat' dir='ltr'>honestati</span> <span class='ocrx_word' id='word_1_113' title='bbox 2012 515 2015 523; x_wconf 73' lang='grc'><strong>”</strong></span> <span class='ocrx_word' id='word_1_114' title='bbox 2031 518 2054 559; x_wconf 55' lang='grc' dir='ltr'>’ψ</span> 
     </span>
     <span class='ocr_line' id='line_1_13' title="bbox 454 528 2054 608; baseline 0.023 -49"><span class='ocrx_word' id='word_1_115' title='bbox 454 530 606 570; x_wconf 82' lang='lat' dir='ltr'>cognatio</span> <span class='ocrx_word' id='word_1_116' title='bbox 630 556 639 570; x_wconf 84' lang='lat'>‚</span> <span class='ocrx_word' id='word_1_117' title='bbox 663 532 717 564; x_wconf 86' lang='lat' dir='ltr'>ille</span> <span class='ocrx_word' id='word_1_118' title='bbox 732 536 968 576; x_wconf 85' lang='lat' dir='ltr'>pulcherrimus</span> <span class='ocrx_word' id='word_1_119' title='bbox 982 541 1088 572; x_wconf 91' lang='lat' dir='ltr'>omnis</span> <span class='ocrx_word' id='word_1_120' title='bbox 1102 542 1206 574; x_wconf 87' lang='lat' dir='ltr'>laudis</span> <span class='ocrx_word' id='word_1_121' title='bbox 1224 545 1394 578; x_wconf 80' lang='lat' dir='ltr'>consensus</span> <span class='ocrx_word' id='word_1_122' title='bbox 1414 560 1448 581; x_wconf 91' lang='lat' dir='ltr'>ac</span> <span class='ocrx_word' id='word_1_123' title='bbox 1471 561 1646 586; x_wconf 83' lang='lat' dir='ltr'>concentus</span> <span class='ocrx_word' id='word_1_124' title='bbox 1669 557 1830 590; x_wconf 84' lang='lat' dir='ltr'>oriretur.</span> <span class='ocrx_word' id='word_1_125' title='bbox 1848 560 1913 602; x_wconf 89' lang='lat' dir='ltr'>Qui</span> <span class='ocrx_word' id='word_1_126' title='bbox 1928 528 2017 608; x_wconf 34' lang='lat' dir='ltr'>enimi</span> <span class='ocrx_word' id='word_1_127' title='bbox 2034 563 2054 598; x_wconf 59' lang='lat' dir='ltr'>*al</span> 
     </span>
     <span class='ocr_line' id='line_1_14' title="bbox 448 572 2054 648; baseline 0.023 -46"><span class='ocrx_word' id='word_1_128' title='bbox 448 572 502 604; x_wconf 87' lang='lat' dir='ltr'>alii</span> <span class='ocrx_word' id='word_1_129' title='bbox 524 576 752 613; x_wconf 78' lang='lat' dir='ltr'>praestantiores</span> <span class='ocrx_word' id='word_1_130' title='bbox 777 590 857 612; x_wconf 78' lang='lat' dir='ltr'>verae</span> <span class='ocrx_word' id='word_1_131' title='bbox 878 580 1038 621; x_wconf 84' lang='lat' dir='ltr'>sapientiae</span> <span class='ocrx_word' id='word_1_132' title='bbox 1053 610 1062 623; x_wconf 88' lang='lat'><em>,</em></span> <span class='ocrx_word' id='word_1_133' title='bbox 1085 595 1118 617; x_wconf 86' lang='lat' dir='ltr'>ac</span> <span class='ocrx_word' id='word_1_134' title='bbox 1142 588 1265 624; x_wconf 82' lang='lat' dir='ltr'>iustitiae</span> <span class='ocrx_word' id='word_1_135' title='bbox 1293 597 1384 622; x_wconf 84' lang='lat' dir='ltr'>ortus</span> <span class='ocrx_word' id='word_1_136' title='bbox 1411 604 1445 624; x_wconf 76' lang='lat' dir='ltr'>ac</span> <span class='ocrx_word' id='word_1_137' title='bbox 1460 598 1685 637; x_wconf 79' lang='lat' dir='ltr'>progreffiones</span> <span class='ocrx_word' id='word_1_138' title='bbox 1697 602 1754 632; x_wconf 87' lang='lat' dir='ltr'>esse</span> <span class='ocrx_word' id='word_1_139' title='bbox 1768 604 2016 648; x_wconf 61' lang='lat' dir='ltr'>poffunoeQs</span> <span class='ocrx_word' id='word_1_140' title='bbox 2035 602 2054 624; x_wconf 58' lang='lat'>⁴*</span> 
     </span>
     <span class='ocr_line' id='line_1_15' title="bbox 449 618 2054 690; baseline 0.021 -44"><span class='ocrx_word' id='word_1_141' title='bbox 449 618 565 648; x_wconf 86' lang='lat' dir='ltr'>melius</span> <span class='ocrx_word' id='word_1_142' title='bbox 579 629 686 653; x_wconf 87' lang='lat' dir='ltr'>earum</span> <span class='ocrx_word' id='word_1_143' title='bbox 712 623 778 656; x_wconf 82' lang='lat' dir='ltr'>vim</span> <span class='ocrx_word' id='word_1_144' title='bbox 802 634 941 665; x_wconf 86' lang='lat' dir='ltr'>unquam</span> <span class='ocrx_word' id='word_1_145' title='bbox 970 630 1169 670; x_wconf 81' lang='lat' dir='ltr'>affequetur‚</span> <span class='ocrx_word' id='word_1_146' title='bbox 1201 642 1296 672; x_wconf 82' lang='lat' dir='ltr'>quam</span> <span class='ocrx_word' id='word_1_147' title='bbox 1319 635 1374 675; x_wconf 89' lang='lat' dir='ltr'>qui</span> <span class='ocrx_word' id='word_1_148' title='bbox 1389 638 1492 669; x_wconf 87' lang='lat' dir='ltr'>Deum</span> <span class='ocrx_word' id='word_1_149' title='bbox 1517 651 1614 672; x_wconf 89' lang='lat' dir='ltr'>unum</span> <span class='ocrx_word' id='word_1_150' title='bbox 1639 645 1807 685; x_wconf 74' lang='lat' dir='ltr'>OptImum</span> <span class='ocrx_word' id='word_1_151' title='bbox 1832 648 2018 690; x_wconf 56' lang='lat' dir='ltr'>Maximum,</span> <span class='ocrx_word' id='word_1_152' title='bbox 2034 659 2054 684; x_wconf 66' lang='lat' dir='ltr'>‘o</span> 
     </span>
     <span class='ocr_line' id='line_1_16' title="bbox 448 662 2054 732; baseline 0.023 -42"><span class='ocrx_word' id='word_1_153' title='bbox 448 662 505 692; x_wconf 83' lang='lat' dir='ltr'>ess&#39;e</span> <span class='ocrx_word' id='word_1_154' title='bbox 521 683 529 697; x_wconf 91' lang='lat'><em>‚</em></span> <span class='ocrx_word' id='word_1_155' title='bbox 549 670 660 694; x_wconf 71' lang='lat' dir='ltr'>catera</span> <span class='ocrx_word' id='word_1_156' title='bbox 687 668 796 698; x_wconf 89' lang='lat' dir='ltr'>omnia</span> <span class='ocrx_word' id='word_1_157' title='bbox 826 672 953 709; x_wconf 85' lang='lat' dir='ltr'>angusta</span> <span class='ocrx_word' id='word_1_158' title='bbox 977 679 1070 711; x_wconf 83' lang='lat' dir='ltr'>atque</span> <span class='ocrx_word' id='word_1_159' title='bbox 1085 674 1245 706; x_wconf 86' lang='lat' dir='ltr'>imbecilla</span> <span class='ocrx_word' id='word_1_160' title='bbox 1267 679 1471 718; x_wconf 83' lang='lat' dir='ltr'>perviderit?</span> <span class='ocrx_word' id='word_1_161' title='bbox 1498 685 1556 715; x_wconf 92' lang='lat' dir='ltr'>Ubi</span> <span class='ocrx_word' id='word_1_162' title='bbox 1573 688 1671 729; x_wconf 82' lang='lat' dir='ltr'>magis</span> <span class='ocrx_word' id='word_1_163' title='bbox 1695 690 1875 722; x_wconf 82' lang='lat' dir='ltr'>adolescere</span> <span class='ocrx_word' id='word_1_164' title='bbox 1890 702 1924 723; x_wconf 89' lang='lat' dir='ltr'>ac</span> <span class='ocrx_word' id='word_1_165' title='bbox 1937 691 2054 732; x_wconf 51' lang='lat' dir='ltr'>per-²1⁴¹.</span> 
     </span>
     <span class='ocr_line' id='line_1_17' title="bbox 446 705 2053 778; baseline 0.024 -45"><span class='ocrx_word' id='word_1_166' title='bbox 446 705 493 734; x_wconf 77' lang='lat' dir='ltr'>fici</span> <span class='ocrx_word' id='word_1_167' title='bbox 516 705 571 735; x_wconf 86' lang='lat' dir='ltr'>illa</span> <span class='ocrx_word' id='word_1_168' title='bbox 595 708 670 739; x_wconf 78' lang='lat' dir='ltr'>vitae</span> <span class='ocrx_word' id='word_1_169' title='bbox 687 711 884 744; x_wconf 77' lang='lat' dir='ltr'>moderatrix</span> <span class='ocrx_word' id='word_1_170' title='bbox 899 738 909 751; x_wconf 93' lang='lat'>,</span> <span class='ocrx_word' id='word_1_171' title='bbox 936 714 992 745; x_wconf 89' lang='lat' dir='ltr'>illa</span> <span class='ocrx_word' id='word_1_172' title='bbox 1016 716 1132 749; x_wconf 68' lang='lat' dir='ltr'>victrix</span> <span class='ocrx_word' id='word_1_173' title='bbox 1147 720 1357 761; x_wconf 83' lang='lat' dir='ltr'>cupiditatum</span> <span class='ocrx_word' id='word_1_174' title='bbox 1381 734 1415 755; x_wconf 90' lang='lat' dir='ltr'>ac</span> <span class='ocrx_word' id='word_1_175' title='bbox 1443 730 1722 765; x_wconf 77' lang='lat' dir='ltr'>perturbationum</span> <span class='ocrx_word' id='word_1_176' title='bbox 1750 734 1853 766; x_wconf 82' lang='lat' dir='ltr'>virtus</span> <span class='ocrx_word' id='word_1_177' title='bbox 1876 713 2020 778; x_wconf 77' lang='lat' dir='ltr'>poterit,l</span> <span class='ocrx_word' id='word_1_178' title='bbox 2040 745 2053 771; x_wconf 61' lang='grc' dir='ltr'>’.ἢ</span> 
     </span>
     <span class='ocr_line' id='line_1_18' title="bbox 442 749 2054 821; baseline 0.025 -45"><span class='ocrx_word' id='word_1_179' title='bbox 442 757 536 788; x_wconf 80' lang='lat' dir='ltr'>quarn</span> <span class='ocrx_word' id='word_1_180' title='bbox 559 749 647 782; x_wconf 87' lang='lat' dir='ltr'>illius</span> <span class='ocrx_word' id='word_1_181' title='bbox 671 754 797 792; x_wconf 83' lang='lat' dir='ltr'>animo,</span> <span class='ocrx_word' id='word_1_182' title='bbox 825 767 920 796; x_wconf 90' lang='lat' dir='ltr'>quem</span> <span class='ocrx_word' id='word_1_183' title='bbox 937 757 1047 789; x_wconf 90' lang='lat' dir='ltr'>nullus</span> <span class='ocrx_word' id='word_1_184' title='bbox 1067 771 1085 790; x_wconf 87' lang='lat' dir='ltr'>a</span> <span class='ocrx_word' id='word_1_185' title='bbox 1107 763 1171 793; x_wconf 77' lang='lat' dir='ltr'>Dei</span> <span class='ocrx_word' id='word_1_186' title='bbox 1192 765 1414 801; x_wconf 67' lang='lat' dir='ltr'>conjunctione</span> <span class='ocrx_word' id='word_1_187' title='bbox 1430 779 1533 810; x_wconf 87' lang='lat' dir='ltr'>neque</span> <span class='ocrx_word' id='word_1_188' title='bbox 1556 772 1673 807; x_wconf 81' lang='lat' dir='ltr'>laetitiae</span> <span class='ocrx_word' id='word_1_189' title='bbox 1696 787 1795 819; x_wconf 88' lang='lat' dir='ltr'>neque</span> <span class='ocrx_word' id='word_1_190' title='bbox 1810 771 2020 821; x_wconf 67' lang='lat' dir='ltr'>agritudinis}</span> <span class='ocrx_word' id='word_1_191' title='bbox 2040 796 2054 816; x_wconf 64' lang='grc' dir='ltr'>ιτ</span> 
     </span>
     <span class='ocr_line' id='line_1_19' title="bbox 444 794 2054 866; baseline 0.025 -47"><span class='ocrx_word' id='word_1_192' title='bbox 444 798 554 820; x_wconf 85' lang='lat' dir='ltr'>motus</span> <span class='ocrx_word' id='word_1_193' title='bbox 583 794 716 828; x_wconf 65' lang='lat' dir='ltr'>divellat</span> <span class='ocrx_word' id='word_1_194' title='bbox 733 797 744 827; x_wconf 72' lang='grc' dir='ltr'><em>Ρ</em></span> <span class='ocrx_word' id='word_1_195' title='bbox 763 799 831 830; x_wconf 86' lang='lat' dir='ltr'>Hoc</span> <span class='ocrx_word' id='word_1_196' title='bbox 858 801 921 840; x_wconf 87' lang='lat' dir='ltr'>ipse</span> <span class='ocrx_word' id='word_1_197' title='bbox 948 801 1112 834; x_wconf 82' lang='lat' dir='ltr'>virtutum</span> <span class='ocrx_word' id='word_1_198' title='bbox 1138 814 1255 837; x_wconf 90' lang='lat' dir='ltr'>ornatu</span> <span class='ocrx_word' id='word_1_199' title='bbox 1287 809 1454 841; x_wconf 53' lang='lat' dir='ltr'>instructus</span> <span class='ocrx_word' id='word_1_200' title='bbox 1482 818 1642 857; x_wconf 82' lang='lat' dir='ltr'>egregium</span> <span class='ocrx_word' id='word_1_201' title='bbox 1657 820 1774 859; x_wconf 84' lang='lat' dir='ltr'>illum,</span> <span class='ocrx_word' id='word_1_202' title='bbox 1797 825 1825 856; x_wconf 73' lang='grc'>8(</span> <span class='ocrx_word' id='word_1_203' title='bbox 1849 834 1914 864; x_wconf 88' lang='lat' dir='ltr'>quo</span> <span class='ocrx_word' id='word_1_204' title='bbox 1927 823 2054 866; x_wconf 50' lang='lat' dir='ltr'>nihili*-</span> 
     </span>
     <span class='ocr_line' id='line_1_20' title="bbox 444 835 2054 913; baseline 0.026 -51"><span class='ocrx_word' id='word_1_205' title='bbox 444 835 568 866; x_wconf 81' lang='lat' dir='ltr'>homini</span> <span class='ocrx_word' id='word_1_206' title='bbox 598 839 628 868; x_wconf 86' lang='lat' dir='ltr'>in</span> <span class='ocrx_word' id='word_1_207' title='bbox 648 842 712 871; x_wconf 77' lang='lat' dir='ltr'>vita</span> <span class='ocrx_word' id='word_1_208' title='bbox 735 845 776 874; x_wconf 81' lang='lat' dir='ltr'>est</span> <span class='ocrx_word' id='word_1_209' title='bbox 796 843 969 879; x_wconf 79' lang='lat' dir='ltr'>jucundius</span> <span class='ocrx_word' id='word_1_210' title='bbox 984 871 992 883; x_wconf 93' lang='lat'>,</span> <span class='ocrx_word' id='word_1_211' title='bbox 1018 847 1104 885; x_wconf 85' lang='lat' dir='ltr'>pacis</span> <span class='ocrx_word' id='word_1_212' title='bbox 1124 857 1157 878; x_wconf 91' lang='lat' dir='ltr'>ac</span> <span class='ocrx_word' id='word_1_213' title='bbox 1184 851 1436 891; x_wconf 80' lang='lat' dir='ltr'>tranquillitatis</span> <span class='ocrx_word' id='word_1_214' title='bbox 1460 856 1596 890; x_wconf 57' lang='lat' dir='ltr'>fructum</span> <span class='ocrx_word' id='word_1_215' title='bbox 1622 865 1662 894; x_wconf 83' lang='lat' dir='ltr'>est</span> <span class='ocrx_word' id='word_1_216' title='bbox 1684 865 1871 898; x_wconf 88' lang='lat' dir='ltr'>consecutus</span> <span class='ocrx_word' id='word_1_217' title='bbox 1895 890 1904 898; x_wconf 93' lang='lat'>.</span> <span class='ocrx_word' id='word_1_218' title='bbox 1924 868 2022 913; x_wconf 63' lang='lat' dir='ltr'>Nam,</span> <span class='ocrx_word' id='word_1_219' title='bbox 2042 884 2054 904; x_wconf 62' lang='grc' dir='ltr'>*τ</span> 
     </span>
     <span class='ocr_line' id='line_1_21' title="bbox 440 880 2054 951; baseline 0.024 -44"><span class='ocrx_word' id='word_1_220' title='bbox 440 880 712 919; x_wconf 56' lang='lat' dir='ltr'>quemadmodum</span> <span class='ocrx_word' id='word_1_221' title='bbox 737 897 870 927; x_wconf 68' lang='lat' dir='ltr'>angores</span> <span class='ocrx_word' id='word_1_222' title='bbox 896 898 929 919; x_wconf 88' lang='lat' dir='ltr'>ac</span> <span class='ocrx_word' id='word_1_223' title='bbox 953 890 1155 930; x_wconf 64' lang='lat' dir='ltr'>aegritudines</span> <span class='ocrx_word' id='word_1_224' title='bbox 1184 892 1297 926; x_wconf 64' lang='lat' dir='ltr'>assidui</span> <span class='ocrx_word' id='word_1_225' title='bbox 1324 894 1399 927; x_wconf 88' lang='lat' dir='ltr'>sunt</span> <span class='ocrx_word' id='word_1_226' title='bbox 1425 898 1551 932; x_wconf 86' lang='lat' dir='ltr'>sceleris</span> <span class='ocrx_word' id='word_1_227' title='bbox 1586 915 1620 935; x_wconf 84' lang='lat' dir='ltr'>ac</span> <span class='ocrx_word' id='word_1_228' title='bbox 1662 909 1832 947; x_wconf 81' lang='lat' dir='ltr'>turpidinis</span> <span class='ocrx_word' id='word_1_229' title='bbox 1859 911 2054 951; x_wconf 65' lang='lat' dir='ltr'>comite=,1›÷</span> 
     </span>
     <span class='ocr_line' id='line_1_22' title="bbox 440 923 2054 996; baseline 0.021 -45"><span class='ocrx_word' id='word_1_230' title='bbox 440 923 487 953; x_wconf 87' lang='lat' dir='ltr'>ita</span> <span class='ocrx_word' id='word_1_231' title='bbox 512 924 630 965; x_wconf 77' lang='lat' dir='ltr'>quietis</span> <span class='ocrx_word' id='word_1_232' title='bbox 654 931 682 960; x_wconf 65' lang='grc' dir='ltr'>ἃ</span> <span class='ocrx_word' id='word_1_233' title='bbox 703 930 880 962; x_wconf 77' lang='lat' dir='ltr'>securitatis</span> <span class='ocrx_word' id='word_1_234' title='bbox 894 933 1076 969; x_wconf 79' lang='lat' dir='ltr'>jucunditas</span> <span class='ocrx_word' id='word_1_235' title='bbox 1094 935 1250 968; x_wconf 88' lang='lat' dir='ltr'>virtutem</span> <span class='ocrx_word' id='word_1_236' title='bbox 1265 948 1299 970; x_wconf 87' lang='lat' dir='ltr'>ac</span> <span class='ocrx_word' id='word_1_237' title='bbox 1324 940 1527 977; x_wconf 64' lang='lat' dir='ltr'>sanftitarem</span> <span class='ocrx_word' id='word_1_238' title='bbox 1550 951 1790 984; x_wconf 85' lang='lat' dir='ltr'>constantiffime</span> <span class='ocrx_word' id='word_1_239' title='bbox 1813 954 2054 996; x_wconf 56' lang='lat' dir='ltr'>consectari-1⁸2</span> 
     </span>
     <span class='ocr_line' id='line_1_23' title="bbox 441 968 2054 1044; baseline 0.024 -48"><span class='ocrx_word' id='word_1_240' title='bbox 441 973 495 995; x_wconf 85' lang='lat' dir='ltr'>tur</span> <span class='ocrx_word' id='word_1_241' title='bbox 511 989 518 997; x_wconf 92' lang='lat'>.</span> <span class='ocrx_word' id='word_1_242' title='bbox 545 968 624 1002; x_wconf 86' lang='lat' dir='ltr'>Hinc</span> <span class='ocrx_word' id='word_1_243' title='bbox 646 974 713 1010; x_wconf 79' lang='lat' dir='ltr'>ejus</span> <span class='ocrx_word' id='word_1_244' title='bbox 736 975 860 1005; x_wconf 81' lang='lat' dir='ltr'>animus</span> <span class='ocrx_word' id='word_1_245' title='bbox 890 977 1019 1009; x_wconf 86' lang='lat' dir='ltr'>minime</span> <span class='ocrx_word' id='word_1_246' title='bbox 1033 980 1178 1018; x_wconf 83' lang='lat' dir='ltr'>corporis</span> <span class='ocrx_word' id='word_1_247' title='bbox 1209 984 1360 1023; x_wconf 78' lang='lat' dir='ltr'>angustiis</span> <span class='ocrx_word' id='word_1_248' title='bbox 1390 986 1565 1028; x_wconf 77' lang='lat' dir='ltr'>impeditus</span> <span class='ocrx_word' id='word_1_249' title='bbox 1588 993 1627 1022; x_wconf 86' lang='lat' dir='ltr'>ad</span> <span class='ocrx_word' id='word_1_250' title='bbox 1648 997 1883 1036; x_wconf 83' lang='lat' dir='ltr'>precipiendarn</span> <span class='ocrx_word' id='word_1_251' title='bbox 1905 1000 2002 1031; x_wconf 70' lang='lat' dir='ltr'>beat:</span> <span class='ocrx_word' id='word_1_252' title='bbox 2020 1006 2054 1044; x_wconf 61' lang='lat'>{32</span> 
     </span>
     <span class='ocr_line' id='line_1_24' title="bbox 440 1010 2030 1083; baseline 0.022 -43"><span class='ocrx_word' id='word_1_253' title='bbox 440 1010 532 1041; x_wconf 86' lang='lat' dir='ltr'>illius</span> <span class='ocrx_word' id='word_1_254' title='bbox 556 1021 590 1042; x_wconf 91' lang='lat' dir='ltr'>ac</span> <span class='ocrx_word' id='word_1_255' title='bbox 618 1017 755 1049; x_wconf 65' lang='lat' dir='ltr'>coelestis</span> <span class='ocrx_word' id='word_1_256' title='bbox 781 1019 850 1050; x_wconf 80' lang='lat' dir='ltr'>vitae</span> <span class='ocrx_word' id='word_1_257' title='bbox 873 1018 1065 1052; x_wconf 70' lang='lat' dir='ltr'>suavitatem</span> <span class='ocrx_word' id='word_1_258' title='bbox 1082 1023 1148 1062; x_wconf 83' lang='lat' dir='ltr'>rapi</span> <span class='ocrx_word' id='word_1_259' title='bbox 1164 1032 1256 1062; x_wconf 86' lang='lat' dir='ltr'>atque</span> <span class='ocrx_word' id='word_1_260' title='bbox 1279 1031 1407 1060; x_wconf 80' lang='lat' dir='ltr'>avocari</span> <span class='ocrx_word' id='word_1_261' title='bbox 1435 1033 1623 1066; x_wconf 77' lang='lat' dir='ltr'>videbatur.</span> <span class='ocrx_word' id='word_1_262' title='bbox 1647 1040 1684 1070; x_wconf 89' lang='lat' dir='ltr'>In</span> <span class='ocrx_word' id='word_1_263' title='bbox 1701 1040 1808 1071; x_wconf 80' lang='lat' dir='ltr'>divina</span> <span class='ocrx_word' id='word_1_264' title='bbox 1821 1042 2001 1083; x_wconf 85' lang='lat' dir='ltr'>pulchritu-</span> <span class='ocrx_word' id='word_1_265' title='bbox 2026 1045 2030 1048; x_wconf 81' lang='grc'><strong>”</strong></span> 
     </span>
     <span class='ocr_line' id='line_1_25' title="bbox 439 1053 2000 1125; baseline 0.022 -42"><span class='ocrx_word' id='word_1_266' title='bbox 439 1053 513 1083; x_wconf 84' lang='lat' dir='ltr'>diue</span> <span class='ocrx_word' id='word_1_267' title='bbox 539 1060 784 1098; x_wconf 83' lang='lat' dir='ltr'>contemplanda</span> <span class='ocrx_word' id='word_1_268' title='bbox 810 1063 921 1094; x_wconf 86' lang='lat' dir='ltr'>affidue</span> <span class='ocrx_word' id='word_1_269' title='bbox 947 1064 1108 1104; x_wconf 80' lang='lat' dir='ltr'>defixum,</span> <span class='ocrx_word' id='word_1_270' title='bbox 1137 1066 1167 1097; x_wconf 86' lang='lat' dir='ltr'>in</span> <span class='ocrx_word' id='word_1_271' title='bbox 1191 1068 1280 1099; x_wconf 87' lang='lat' dir='ltr'>illam</span> <span class='ocrx_word' id='word_1_272' title='bbox 1309 1071 1491 1114; x_wconf 81' lang='lat' dir='ltr'>intentum,</span> <span class='ocrx_word' id='word_1_273' title='bbox 1518 1079 1556 1108; x_wconf 86' lang='lat' dir='ltr'>ad</span> <span class='ocrx_word' id='word_1_274' title='bbox 1584 1080 1673 1112; x_wconf 81' lang='lat' dir='ltr'>illius</span> <span class='ocrx_word' id='word_1_275' title='bbox 1688 1082 1821 1125; x_wconf 80' lang='lat' dir='ltr'>speciem</span> <span class='ocrx_word' id='word_1_276' title='bbox 1838 1085 1900 1117; x_wconf 88' lang='lat' dir='ltr'>sese</span> <span class='ocrx_word' id='word_1_277' title='bbox 1915 1087 2000 1118; x_wconf 86' lang='lat' dir='ltr'>effin-</span> 
     </span>
     <span class='ocr_line' id='line_1_26' title="bbox 439 1102 2053 1169; baseline 0.023 -42"><span class='ocrx_word' id='word_1_278' title='bbox 439 1105 590 1139; x_wconf 83' lang='lat' dir='ltr'>gentem,</span> <span class='ocrx_word' id='word_1_279' title='bbox 615 1102 755 1135; x_wconf 81' lang='lat' dir='ltr'>illius&#39;in</span> <span class='ocrx_word' id='word_1_280' title='bbox 780 1104 809 1136; x_wconf 87' lang='lat' dir='ltr'>se</span> <span class='ocrx_word' id='word_1_281' title='bbox 834 1106 1072 1139; x_wconf 77' lang='lat' dir='ltr'>similitudinem</span> <span class='ocrx_word' id='word_1_282' title='bbox 1087 1111 1317 1149; x_wconf 85' lang='lat' dir='ltr'>exprimentem</span> <span class='ocrx_word' id='word_1_283' title='bbox 1335 1142 1343 1154; x_wconf 79' lang='grc'>,</span> <span class='ocrx_word' id='word_1_284' title='bbox 1368 1119 1434 1150; x_wconf 85' lang='lat' dir='ltr'>fieri</span> <span class='ocrx_word' id='word_1_285' title='bbox 1457 1129 1521 1150; x_wconf 91' lang='lat' dir='ltr'>non</span> <span class='ocrx_word' id='word_1_286' title='bbox 1547 1132 1675 1161; x_wconf 82' lang='lat' dir='ltr'>poterat</span> <span class='ocrx_word' id='word_1_287' title='bbox 1695 1151 1705 1165; x_wconf 87' lang='lat'>‚</span> <span class='ocrx_word' id='word_1_288' title='bbox 1731 1127 1806 1169; x_wconf 79' lang='lat' dir='ltr'>quin</span> <span class='ocrx_word' id='word_1_289' title='bbox 1833 1130 1923 1161; x_wconf 88' lang='lat' dir='ltr'>rivus</span> <span class='ocrx_word' id='word_1_290' title='bbox 1939 1130 2003 1163; x_wconf 86' lang='lat' dir='ltr'>ali·</span> <span class='ocrx_word' id='word_1_291' title='bbox 2040 1154 2053 1159; x_wconf 65' lang='lat'>›-</span> 
     </span>
     <span class='ocr_line' id='line_1_27' title="bbox 439 1141 2044 1219; baseline 0.021 -47"><span class='ocrx_word' id='word_1_292' title='bbox 439 1141 512 1181; x_wconf 85' lang='lat' dir='ltr'>quis</span> <span class='ocrx_word' id='word_1_293' title='bbox 538 1143 669 1176; x_wconf 84' lang='lat' dir='ltr'>infinitae</span> <span class='ocrx_word' id='word_1_294' title='bbox 697 1149 898 1188; x_wconf 80' lang='lat' dir='ltr'>voluptatis,</span> <span class='ocrx_word' id='word_1_295' title='bbox 919 1152 1009 1188; x_wconf 87' lang='lat' dir='ltr'>cujus</span> <span class='ocrx_word' id='word_1_296' title='bbox 1033 1152 1224 1191; x_wconf 85' lang='lat' dir='ltr'>pleniffimus</span> <span class='ocrx_word' id='word_1_297' title='bbox 1250 1156 1377 1192; x_wconf 85' lang='lat' dir='ltr'>haustus</span> <span class='ocrx_word' id='word_1_298' title='bbox 1403 1164 1529 1196; x_wconf 71' lang='lat' dir='ltr'>caelestis</span> <span class='ocrx_word' id='word_1_299' title='bbox 1555 1167 1645 1198; x_wconf 74' lang='lat' dir='ltr'>illius</span> <span class='ocrx_word' id='word_1_300' title='bbox 1678 1172 1787 1210; x_wconf 72' lang='lat' dir='ltr'>patria,-</span> <span class='ocrx_word' id='word_1_301' title='bbox 1808 1173 1893 1205; x_wconf 80' lang='lat' dir='ltr'>cives</span> <span class='ocrx_word' id='word_1_302' title='bbox 1921 1175 1996 1207; x_wconf 84' lang='lat' dir='ltr'>bea·</span> <span class='ocrx_word' id='word_1_303' title='bbox 2024 1181 2044 1219; x_wconf 65' lang='lat'>0:</span> 
     </span>
     <span class='ocr_line' id='line_1_28' title="bbox 438 1185 2050 1254; baseline 0.02 -41"><span class='ocrx_word' id='word_1_304' title='bbox 438 1185 571 1216; x_wconf 83' lang='lat' dir='ltr'>tiffimos</span> <span class='ocrx_word' id='word_1_305' title='bbox 601 1190 715 1228; x_wconf 85' lang='lat' dir='ltr'>efficit,</span> <span class='ocrx_word' id='word_1_306' title='bbox 743 1193 842 1231; x_wconf 89' lang='lat' dir='ltr'>ipsum</span> <span class='ocrx_word' id='word_1_307' title='bbox 868 1194 965 1224; x_wconf 89' lang='lat' dir='ltr'>etiam</span> <span class='ocrx_word' id='word_1_308' title='bbox 989 1197 1226 1230; x_wconf 82' lang='lat' dir='ltr'>circumflueret</span> <span class='ocrx_word' id='word_1_309' title='bbox 1250 1213 1284 1234; x_wconf 80' lang='lat' dir='ltr'>ac</span> <span class='ocrx_word' id='word_1_310' title='bbox 1307 1207 1513 1244; x_wconf 75' lang='lat' dir='ltr'>perfunderet</span> <span class='ocrx_word' id='word_1_311' title='bbox 1539 1232 1547 1241; x_wconf 84' lang='grc'><strong>,</strong></span> <span class='ocrx_word' id='word_1_312' title='bbox 1590 1212 1621 1243; x_wconf 91' lang='lat'>0</span> <span class='ocrx_word' id='word_1_313' title='bbox 1652 1216 1832 1254; x_wconf 53' lang='lat' dir='ltr'>praeclaram</span> <span class='ocrx_word' id='word_1_314' title='bbox 1860 1217 1992 1250; x_wconf 71' lang='lat' dir='ltr'>virtutis</span> <span class='ocrx_word' id='word_1_315' title='bbox 2043 1227 2050 1246; x_wconf 62' lang='lat' dir='ltr'>a</span> 
     </span>
     <span class='ocr_line' id='line_1_29' title="bbox 441 1228 2050 1296; baseline 0.024 -39"><span class='ocrx_word' id='word_1_316' title='bbox 441 1237 476 1257; x_wconf 89' lang='lat' dir='ltr'>ac</span> <span class='ocrx_word' id='word_1_317' title='bbox 491 1228 665 1263; x_wconf 67' lang='lat' dir='ltr'>sanetitatis</span> <span class='ocrx_word' id='word_1_318' title='bbox 687 1236 908 1267; x_wconf 83' lang='lat' dir='ltr'>conditionem</span> <span class='ocrx_word' id='word_1_319' title='bbox 923 1263 932 1275; x_wconf 85' lang='lat'>‚</span> <span class='ocrx_word' id='word_1_320' title='bbox 954 1248 1022 1278; x_wconf 80' lang='lat' dir='ltr'>quae</span> <span class='ocrx_word' id='word_1_321' title='bbox 1045 1241 1140 1277; x_wconf 83' lang='lat' dir='ltr'>nujus</span> <span class='ocrx_word' id='word_1_322' title='bbox 1163 1243 1259 1274; x_wconf 87' lang='lat' dir='ltr'>etiam</span> <span class='ocrx_word' id='word_1_323' title='bbox 1284 1249 1357 1279; x_wconf 76' lang='lat' dir='ltr'>vitae</span> <span class='ocrx_word' id='word_1_324' title='bbox 1379 1251 1526 1282; x_wconf 76' lang='lat' dir='ltr'>tenebras</span> <span class='ocrx_word' id='word_1_325' title='bbox 1548 1255 1657 1296; x_wconf 89' lang='lat' dir='ltr'>aliquo</span> <span class='ocrx_word' id='word_1_326' title='bbox 1694 1259 1876 1291; x_wconf 52' lang='lat' dir='ltr'>inextinctae</span> <span class='ocrx_word' id='word_1_327' title='bbox 1901 1261 1990 1296; x_wconf 81' lang='lat' dir='ltr'>illius</span> <span class='ocrx_word' id='word_1_328' title='bbox 2043 1270 2050 1290; x_wconf 74' lang='grc' dir='ltr'>ί</span> 
     </span>
     <span class='ocr_line' id='line_1_30' title="bbox 441 1271 2051 1346; baseline 0.024 -45"><span class='ocrx_word' id='word_1_329' title='bbox 441 1271 519 1302; x_wconf 80' lang='lat' dir='ltr'>lucis</span> <span class='ocrx_word' id='word_1_330' title='bbox 550 1275 640 1306; x_wconf 87' lang='lat' dir='ltr'>radio</span> <span class='ocrx_word' id='word_1_331' title='bbox 665 1277 828 1310; x_wconf 81' lang='lat' dir='ltr'>collustrat</span> <span class='ocrx_word' id='word_1_332' title='bbox 852 1301 862 1316; x_wconf 92' lang='lat'><em>‚</em></span> <span class='ocrx_word' id='word_1_333' title='bbox 883 1291 951 1322; x_wconf 84' lang='lat' dir='ltr'>quae</span> <span class='ocrx_word' id='word_1_334' title='bbox 971 1284 1008 1314; x_wconf 90' lang='lat' dir='ltr'>ab</span> <span class='ocrx_word' id='word_1_335' title='bbox 1033 1282 1091 1314; x_wconf 86' lang='lat' dir='ltr'>hac</span> <span class='ocrx_word' id='word_1_336' title='bbox 1112 1293 1216 1317; x_wconf 88' lang='lat' dir='ltr'>rernm</span> <span class='ocrx_word' id='word_1_337' title='bbox 1238 1293 1431 1334; x_wconf 79' lang='lat' dir='ltr'>contagione</span> <span class='ocrx_word' id='word_1_338' title='bbox 1459 1293 1597 1338; x_wconf 81' lang='lat' dir='ltr'>sejungit</span> <span class='ocrx_word' id='word_1_339' title='bbox 1621 1302 1763 1335; x_wconf 84' lang='lat' dir='ltr'>animum</span> <span class='ocrx_word' id='word_1_340' title='bbox 1787 1329 1796 1342; x_wconf 87' lang='lat'><em>‚</em></span> <span class='ocrx_word' id='word_1_341' title='bbox 1826 1311 1920 1346; x_wconf 81' lang='lat' dir='ltr'>atque</span> <span class='ocrx_word' id='word_1_342' title='bbox 1952 1307 1992 1337; x_wconf 86' lang='lat' dir='ltr'>ad</span> <span class='ocrx_word' id='word_1_343' title='bbox 2044 1314 2051 1334; x_wconf 65' lang='grc' dir='ltr'><strong><em>ε</em></strong></span> 
     </span>
     <span class='ocr_line' id='line_1_31' title="bbox 438 1315 1988 1380; baseline 0.025 -36"><span class='ocrx_word' id='word_1_344' title='bbox 438 1315 553 1347; x_wconf 74' lang='lat' dir='ltr'>‹11¹anae</span> <span class='ocrx_word' id='word_1_345' title='bbox 578 1319 822 1360; x_wconf 86' lang='lat' dir='ltr'>quodammodo</span> <span class='ocrx_word' id='word_1_346' title='bbox 845 1332 966 1357; x_wconf 85' lang='lat' dir='ltr'>naturae</span> <span class='ocrx_word' id='word_1_347' title='bbox 989 1325 1175 1361; x_wconf 83' lang='lat' dir='ltr'>societatem</span> <span class='ocrx_word' id='word_1_348' title='bbox 1203 1334 1342 1367; x_wconf 82' lang='lat' dir='ltr'>traducit</span> <span class='ocrx_word' id='word_1_349' title='bbox 1368 1360 1376 1369; x_wconf 89' lang='lat'><strong>.</strong></span> <span class='ocrx_word' id='word_1_350' title='bbox 1412 1338 1471 1368; x_wconf 88' lang='lat' dir='ltr'>Sed</span> <span class='ocrx_word' id='word_1_351' title='bbox 1499 1350 1563 1380; x_wconf 91' lang='lat' dir='ltr'>quo</span> <span class='ocrx_word' id='word_1_352' title='bbox 1596 1355 1647 1374; x_wconf 90' lang='lat' dir='ltr'>me</span> <span class='ocrx_word' id='word_1_353' title='bbox 1680 1353 1841 1379; x_wconf 87' lang='lat' dir='ltr'>tantarum</span> <span class='ocrx_word' id='word_1_354' title='bbox 1865 1360 1900 1380; x_wconf 89' lang='lat' dir='ltr'>ac</span> <span class='ocrx_word' id='word_1_355' title='bbox 1922 1354 1988 1380; x_wconf 75' lang='lat' dir='ltr'>tam</span> 
     </span>
    </p>

    <p class='ocr_par' dir='ltr' id='par_1_2' title="bbox 432 1357 1988 1429">
     <span class='ocr_line' id='line_1_32' title="bbox 432 1357 1988 1429; baseline 0.024 -41"><span class='ocrx_word' id='word_1_356' title='bbox 432 1357 618 1394; x_wconf 82' lang='lat' dir='ltr'>sublimium</span> <span class='ocrx_word' id='word_1_357' title='bbox 636 1365 793 1398; x_wconf 86' lang='lat' dir='ltr'>virtutum</span> <span class='ocrx_word' id='word_1_358' title='bbox 806 1367 1016 1403; x_wconf 84' lang='lat' dir='ltr'>admiratione</span> <span class='ocrx_word' id='word_1_359' title='bbox 1039 1372 1204 1414; x_wconf 88' lang='lat' dir='ltr'>abreptum</span> <span class='ocrx_word' id='word_1_360' title='bbox 1224 1379 1280 1409; x_wconf 82' lang='lat' dir='ltr'>effe</span> <span class='ocrx_word' id='word_1_361' title='bbox 1296 1380 1392 1413; x_wconf 90' lang='lat' dir='ltr'>video</span> <span class='ocrx_word' id='word_1_362' title='bbox 1405 1407 1413 1419; x_wconf 92' lang='lat'>‚</span> <span class='ocrx_word' id='word_1_363' title='bbox 1437 1392 1570 1424; x_wconf 87' lang='lat' dir='ltr'>quarum</span> <span class='ocrx_word' id='word_1_364' title='bbox 1586 1398 1686 1429; x_wconf 85' lang='lat' dir='ltr'>neque</span> <span class='ocrx_word' id='word_1_365' title='bbox 1706 1391 1813 1423; x_wconf 86' lang='lat' dir='ltr'>animo</span> <span class='ocrx_word' id='word_1_366' title='bbox 1839 1391 1988 1426; x_wconf 86' lang='lat' dir='ltr'>sustinere</span> 
     </span>
    </p>

    <p class='ocr_par' dir='ltr' id='par_1_3' title="bbox 435 1406 1990 1473">
     <span class='ocr_line' id='line_1_33' title="bbox 435 1406 1990 1473; baseline 0.024 -42"><span class='ocrx_word' id='word_1_367' title='bbox 435 1406 687 1444; x_wconf 81' lang='lat' dir='ltr'>magnitudinem</span> <span class='ocrx_word' id='word_1_368' title='bbox 713 1413 857 1450; x_wconf 81' lang='lat' dir='ltr'>poffum,</span> <span class='ocrx_word' id='word_1_369' title='bbox 891 1423 992 1455; x_wconf 85' lang='lat' dir='ltr'>neque</span> <span class='ocrx_word' id='word_1_370' title='bbox 1013 1418 1162 1457; x_wconf 77' lang='lat' dir='ltr'>oratione</span> <span class='ocrx_word' id='word_1_371' title='bbox 1185 1421 1327 1465; x_wconf 86' lang='lat' dir='ltr'>persequi</span> <span class='ocrx_word' id='word_1_372' title='bbox 1359 1424 1372 1457; x_wconf 73' lang='grc' dir='ltr'><strong><em>ἓ</em></strong></span> <span class='ocrx_word' id='word_1_373' title='bbox 1399 1430 1514 1469; x_wconf 87' lang='lat' dir='ltr'>Itaque</span> <span class='ocrx_word' id='word_1_374' title='bbox 1535 1431 1574 1460; x_wconf 87' lang='lat' dir='ltr'>ad</span> <span class='ocrx_word' id='word_1_375' title='bbox 1597 1433 1678 1463; x_wconf 88' lang='lat' dir='ltr'>alias</span> <span class='ocrx_word' id='word_1_376' title='bbox 1702 1435 1811 1473; x_wconf 88' lang='lat' dir='ltr'>potius</span> <span class='ocrx_word' id='word_1_377' title='bbox 1837 1447 1887 1468; x_wconf 77' lang='lat' dir='ltr'>me</span> <span class='ocrx_word' id='word_1_378' title='bbox 1909 1447 1990 1468; x_wconf 90' lang='lat' dir='ltr'>con-</span> 
     </span>
    </p>

    <p class='ocr_par' dir='ltr' id='par_1_4' title="bbox 432 1453 2054 1731">
     <span class='ocr_line' id='line_1_34' title="bbox 434 1453 2054 1518; baseline 0.025 -43"><span class='ocrx_word' id='word_1_379' title='bbox 434 1456 557 1480; x_wconf 85' lang='lat' dir='ltr'>vertam</span> <span class='ocrx_word' id='word_1_380' title='bbox 570 1453 607 1483; x_wconf 88' lang='lat' dir='ltr'>ab</span> <span class='ocrx_word' id='word_1_381' title='bbox 630 1453 740 1487; x_wconf 88' lang='lat' dir='ltr'>iisdem</span> <span class='ocrx_word' id='word_1_382' title='bbox 763 1463 848 1487; x_wconf 84' lang='lat' dir='ltr'>certe</span> <span class='ocrx_word' id='word_1_383' title='bbox 870 1457 976 1490; x_wconf 78' lang='lat' dir='ltr'>initiis</span> <span class='ocrx_word' id='word_1_384' title='bbox 1001 1460 1176 1502; x_wconf 68' lang='lat' dir='ltr'>dedu&amp;as‚</span> <span class='ocrx_word' id='word_1_385' title='bbox 1201 1464 1254 1497; x_wconf 89' lang='lat' dir='ltr'>sed</span> <span class='ocrx_word' id='word_1_386' title='bbox 1268 1467 1433 1503; x_wconf 84' lang='lat' dir='ltr'>faciliores</span> <span class='ocrx_word' id='word_1_387' title='bbox 1452 1494 1461 1509; x_wconf 95' lang='lat'>‚</span> <span class='ocrx_word' id='word_1_388' title='bbox 1477 1472 1631 1516; x_wconf 85' lang='lat' dir='ltr'>nobisque</span> <span class='ocrx_word' id='word_1_389' title='bbox 1654 1479 1896 1518; x_wconf 87' lang='lat' dir='ltr'>quodammodo</span> <span class='ocrx_word' id='word_1_390' title='bbox 1909 1483 1987 1514; x_wconf 70' lang='lat' dir='ltr'>tha·</span> <span class='ocrx_word' id='word_1_391' title='bbox 2050 1513 2054 1515; x_wconf 74' lang='grc'><strong>,</strong></span> 
     </span>
     <span class='ocr_line' id='line_1_35' title="bbox 432 1489 2036 1731; baseline 0.025 -212"><span class='ocrx_word' id='word_1_392' title='bbox 432 1489 534 1523; x_wconf 78' lang='lat' dir='ltr'>riores</span> <span class='ocrx_word' id='word_1_393' title='bbox 555 1494 663 1528; x_wconf 81' lang='lat' dir='ltr'>laudes</span> <span class='ocrx_word' id='word_1_394' title='bbox 687 1500 864 1541; x_wconf 76' lang='lat' dir='ltr'>aequitatis,</span> <span class='ocrx_word' id='word_1_395' title='bbox 890 1503 1086 1546; x_wconf 70' lang='lat' dir='ltr'>clementiae,</span> <span class='ocrx_word' id='word_1_396' title='bbox 1109 1507 1315 1542; x_wconf 82' lang='lat' dir='ltr'>liberalitatis</span> <span class='ocrx_word' id='word_1_397' title='bbox 1331 1536 1339 1544; x_wconf 91' lang='lat'><strong>.</strong></span> <span class='ocrx_word' id='word_1_398' title='bbox 1368 1516 1447 1547; x_wconf 81' lang='lat' dir='ltr'>Illas</span> <span class='ocrx_word' id='word_1_399' title='bbox 1470 1517 1598 1558; x_wconf 89' lang='lat' dir='ltr'>quidem</span> <span class='ocrx_word' id='word_1_400' title='bbox 1636 1531 1826 1564; x_wconf 84' lang='lat' dir='ltr'>magnopere</span> <span class='ocrx_word' id='word_1_401' title='bbox 1853 1524 1982 1565; x_wconf 80' lang='lat' dir='ltr'>suspici-</span> <span class='ocrx_word' id='word_1_402' title='bbox 2030 1539 2036 1731; x_wconf 41' lang='lat' dir='ltr'><strong><em>k</em></strong></span> 
     </span>
    </p>
   </div>
   <div class='ocr_carea' id='block_1_2' title="bbox 2041 1053 2054 1070">
    <p class='ocr_par' dir='ltr' id='par_1_5' title="bbox 2041 1053 2054 1070">
     <span class='ocr_line' id='line_1_36' title="bbox 2041 1053 2054 1070; baseline 0 -4"><span class='ocrx_word' id='word_1_403' title='bbox 2041 1053 2048 1070; x_wconf 73' lang='grc'>1</span> <span class='ocrx_word' id='word_1_404' title='bbox 2053 1061 2054 1066; x_wconf 52' lang='lat'>1</span> 
     </span>
    </p>
   </div>
   <div class='ocr_carea' id='block_1_3' title="bbox 2021 1051 2027 1180">
    <p class='ocr_par' dir='ltr' id='par_1_6' title="bbox 2021 1051 2027 1180">
     <span class='ocr_line' id='line_1_37' title="bbox 2021 1051 2027 1180; baseline 0 1585"><span class='ocrx_word' id='word_1_405' title='bbox 2021 1051 2027 1180; x_wconf 95' lang='lat' dir='ltr'> </span> 
     </span>
    </p>
   </div>
   <div class='ocr_carea' id='block_1_4' title="bbox 421 1543 2045 2348">
    <p class='ocr_par' dir='ltr' id='par_1_7' title="bbox 421 1543 2045 2348">
     <span class='ocr_line' id='line_1_38' title="bbox 432 1543 1982 1603; baseline 0.022 -36"><span class='ocrx_word' id='word_1_406' title='bbox 432 1543 504 1568; x_wconf 83' lang='lat' dir='ltr'>mus</span> <span class='ocrx_word' id='word_1_407' title='bbox 531 1552 566 1572; x_wconf 86' lang='lat' dir='ltr'>ac</span> <span class='ocrx_word' id='word_1_408' title='bbox 588 1543 805 1584; x_wconf 85' lang='lat' dir='ltr'>admiramur,</span> <span class='ocrx_word' id='word_1_409' title='bbox 829 1547 886 1578; x_wconf 89' lang='lat' dir='ltr'>has</span> <span class='ocrx_word' id='word_1_410' title='bbox 906 1557 1049 1580; x_wconf 85' lang='lat' dir='ltr'>amamus</span> <span class='ocrx_word' id='word_1_411' title='bbox 1066 1575 1076 1589; x_wconf 89' lang='lat'><em>,</em></span> <span class='ocrx_word' id='word_1_412' title='bbox 1099 1552 1130 1582; x_wconf 90' lang='lat' dir='ltr'>in</span> <span class='ocrx_word' id='word_1_413' title='bbox 1158 1552 1269 1595; x_wconf 87' lang='lat' dir='ltr'>hisque</span> <span class='ocrx_word' id='word_1_414' title='bbox 1293 1556 1446 1591; x_wconf 83' lang='lat' dir='ltr'>libentius</span> <span class='ocrx_word' id='word_1_415' title='bbox 1473 1563 1748 1603; x_wconf 82' lang='lat' dir='ltr'>conquiescimus,</span> <span class='ocrx_word' id='word_1_416' title='bbox 1770 1569 1982 1601; x_wconf 73' lang='lat' dir='ltr'>suavioribus</span> 
     </span>
     <span class='ocr_line' id='line_1_39' title="bbox 430 1578 1983 1649; baseline 0.021 -37"><span class='ocrx_word' id='word_1_417' title='bbox 430 1578 514 1614; x_wconf 76' lang='lat' dir='ltr'>hisce</span> <span class='ocrx_word' id='word_1_418' title='bbox 530 1586 706 1618; x_wconf 85' lang='lat' dir='ltr'>virtutibus</span> <span class='ocrx_word' id='word_1_419' title='bbox 728 1596 879 1621; x_wconf 86' lang='lat' dir='ltr'>ornatum</span> <span class='ocrx_word' id='word_1_420' title='bbox 903 1591 1067 1624; x_wconf 87' lang='lat' dir='ltr'>nobiscum</span> <span class='ocrx_word' id='word_1_421' title='bbox 1082 1595 1219 1635; x_wconf 76' lang='lat' dir='ltr'>versari,</span> <span class='ocrx_word' id='word_1_422' title='bbox 1255 1601 1282 1632; x_wconf 65' lang='lat'>8&lt;</span> <span class='ocrx_word' id='word_1_423' title='bbox 1296 1601 1352 1641; x_wconf 80' lang='lat' dir='ltr'>qui</span> <span class='ocrx_word' id='word_1_424' title='bbox 1364 1602 1519 1645; x_wconf 86' lang='lat' dir='ltr'>dignitate</span> <span class='ocrx_word' id='word_1_425' title='bbox 1542 1606 1713 1649; x_wconf 81' lang='lat' dir='ltr'>longiffime</span> <span class='ocrx_word' id='word_1_426' title='bbox 1737 1620 1754 1640; x_wconf 88' lang='lat' dir='ltr'>a</span> <span class='ocrx_word' id='word_1_427' title='bbox 1781 1613 1875 1643; x_wconf 86' lang='lat' dir='ltr'>nobis</span> <span class='ocrx_word' id='word_1_428' title='bbox 1896 1623 1983 1645; x_wconf 88' lang='lat' dir='ltr'>rece-</span> 
     </span>
     <span class='ocr_line' id='line_1_40' title="bbox 430 1624 1979 1690; baseline 0.022 -36"><span class='ocrx_word' id='word_1_429' title='bbox 430 1624 541 1665; x_wconf 87' lang='lat' dir='ltr'>deret,</span> <span class='ocrx_word' id='word_1_430' title='bbox 565 1632 763 1662; x_wconf 88' lang='lat' dir='ltr'>humanitate</span> <span class='ocrx_word' id='word_1_431' title='bbox 786 1633 825 1664; x_wconf 88' lang='lat' dir='ltr'>ad</span> <span class='ocrx_word' id='word_1_432' title='bbox 839 1644 899 1664; x_wconf 86' lang='lat' dir='ltr'>nos</span> <span class='ocrx_word' id='word_1_433' title='bbox 921 1636 1091 1676; x_wconf 84' lang='lat' dir='ltr'>accedere,</span> <span class='ocrx_word' id='word_1_434' title='bbox 1119 1641 1271 1684; x_wconf 81' lang='lat' dir='ltr'>nobisque</span> <span class='ocrx_word' id='word_1_435' title='bbox 1293 1648 1446 1690; x_wconf 83' lang='lat' dir='ltr'>conjungi</span> <span class='ocrx_word' id='word_1_436' title='bbox 1468 1648 1675 1685; x_wconf 80' lang='lat' dir='ltr'>laetabamur.</span> <span class='ocrx_word' id='word_1_437' title='bbox 1701 1654 1791 1685; x_wconf 74' lang='lat' dir='ltr'>Nihil</span> <span class='ocrx_word' id='word_1_438' title='bbox 1813 1655 1844 1686; x_wconf 91' lang='lat' dir='ltr'>in</span> <span class='ocrx_word' id='word_1_439' title='bbox 1862 1667 1900 1687; x_wconf 88' lang='lat' dir='ltr'>eo</span> <span class='ocrx_word' id='word_1_440' title='bbox 1924 1668 1979 1688; x_wconf 89' lang='lat' dir='ltr'>ar-</span> 
     </span>
     <span class='ocr_line' id='line_1_41' title="bbox 432 1675 1980 1738; baseline 0.021 -39"><span class='ocrx_word' id='word_1_441' title='bbox 432 1678 547 1711; x_wconf 80' lang='lat' dir='ltr'>rogans</span> <span class='ocrx_word' id='word_1_442' title='bbox 573 1700 581 1713; x_wconf 84' lang='lat'><em>,</em></span> <span class='ocrx_word' id='word_1_443' title='bbox 606 1675 687 1707; x_wconf 85' lang='lat' dir='ltr'>nibil</span> <span class='ocrx_word' id='word_1_444' title='bbox 713 1676 855 1717; x_wconf 78' lang='lat' dir='ltr'>elatum,</span> <span class='ocrx_word' id='word_1_445' title='bbox 893 1688 1069 1721; x_wconf 90' lang='lat' dir='ltr'>numquam</span> <span class='ocrx_word' id='word_1_446' title='bbox 1090 1686 1230 1720; x_wconf 81' lang='lat' dir='ltr'>majestas</span> <span class='ocrx_word' id='word_1_447' title='bbox 1265 1688 1389 1729; x_wconf 83' lang='lat' dir='ltr'>imperii</span> <span class='ocrx_word' id='word_1_448' title='bbox 1414 1697 1534 1724; x_wconf 81' lang='lat' dir='ltr'>naturae</span> <span class='ocrx_word' id='word_1_449' title='bbox 1555 1705 1746 1738; x_wconf 88' lang='lat' dir='ltr'>morumque</span> <span class='ocrx_word' id='word_1_450' title='bbox 1768 1697 1896 1731; x_wconf 78' lang='lat' dir='ltr'>lenitati</span> <span class='ocrx_word' id='word_1_451' title='bbox 1921 1701 1980 1731; x_wconf 88' lang='lat' dir='ltr'>ad-</span> 
     </span>
     <span class='ocr_line' id='line_1_42' title="bbox 430 1714 2038 1803; baseline 0.02 -58"><span class='ocrx_word' id='word_1_452' title='bbox 430 1714 554 1749; x_wconf 79' lang='lat' dir='ltr'>versata</span> <span class='ocrx_word' id='word_1_453' title='bbox 582 1722 646 1759; x_wconf 80' lang='lat' dir='ltr'>est;</span> <span class='ocrx_word' id='word_1_454' title='bbox 670 1729 732 1751; x_wconf 87' lang='lat' dir='ltr'>non</span> <span class='ocrx_word' id='word_1_455' title='bbox 748 1722 943 1762; x_wconf 68' lang='lat' dir='ltr'>auctoritas,</span> <span class='ocrx_word' id='word_1_456' title='bbox 967 1734 1030 1755; x_wconf 90' lang='lat' dir='ltr'>non</span> <span class='ocrx_word' id='word_1_457' title='bbox 1047 1726 1186 1767; x_wconf 81' lang='lat' dir='ltr'>dignitas</span> <span class='ocrx_word' id='word_1_458' title='bbox 1210 1729 1402 1766; x_wconf 79' lang='lat' dir='ltr'>asuavitate</span> <span class='ocrx_word' id='word_1_459' title='bbox 1424 1737 1542 1778; x_wconf 86' lang='lat' dir='ltr'>ingenii</span> <span class='ocrx_word' id='word_1_460' title='bbox 1565 1741 1750 1774; x_wconf 81' lang='lat' dir='ltr'>revocavit.</span> <span class='ocrx_word' id='word_1_461' title='bbox 1775 1743 1890 1785; x_wconf 78' lang='lat' dir='ltr'>Magna</span> <span class='ocrx_word' id='word_1_462' title='bbox 1903 1744 1977 1786; x_wconf 83' lang='lat' dir='ltr'>qui·</span> <span class='ocrx_word' id='word_1_463' title='bbox 2035 1777 2038 1803; x_wconf 32' lang='lat' dir='ltr'><em>X</em></span> 
     </span>
     <span class='ocr_line' id='line_1_43' title="bbox 427 1757 2037 1828; baseline 0.021 -41"><span class='ocrx_word' id='word_1_464' title='bbox 427 1757 500 1789; x_wconf 84' lang='lat' dir='ltr'>dem</span> <span class='ocrx_word' id='word_1_465' title='bbox 515 1769 635 1796; x_wconf 80' lang='lat' dir='ltr'>naturae</span> <span class='ocrx_word' id='word_1_466' title='bbox 660 1764 709 1794; x_wconf 85' lang='lat' dir='ltr'>vis</span> <span class='ocrx_word' id='word_1_467' title='bbox 734 1763 772 1794; x_wconf 86' lang='lat' dir='ltr'>ad</span> <span class='ocrx_word' id='word_1_468' title='bbox 795 1765 982 1798; x_wconf 84' lang='lat' dir='ltr'>facilitatem</span> <span class='ocrx_word' id='word_1_469' title='bbox 1009 1780 1044 1801; x_wconf 89' lang='lat' dir='ltr'>ac</span> <span class='ocrx_word' id='word_1_470' title='bbox 1071 1771 1347 1808; x_wconf 81' lang='lat' dir='ltr'>mansuetudinem</span> <span class='ocrx_word' id='word_1_471' title='bbox 1363 1782 1420 1812; x_wconf 76' lang='lat' dir='ltr'>ess‘e</span> <span class='ocrx_word' id='word_1_472' title='bbox 1433 1784 1555 1821; x_wconf 82' lang='lat' dir='ltr'>potest3</span> <span class='ocrx_word' id='word_1_473' title='bbox 1586 1781 1637 1815; x_wconf 86' lang='lat' dir='ltr'>sed</span> <span class='ocrx_word' id='word_1_474' title='bbox 1652 1795 1719 1826; x_wconf 86' lang='lat' dir='ltr'>quae</span> <span class='ocrx_word' id='word_1_475' title='bbox 1742 1792 1833 1818; x_wconf 84' lang='lat' dir='ltr'>tanta</span> <span class='ocrx_word' id='word_1_476' title='bbox 1856 1789 1976 1828; x_wconf 84' lang='lat' dir='ltr'>ingenii</span> <span class='ocrx_word' id='word_1_477' title='bbox 2036 1810 2037 1826; x_wconf 45' lang='lat'>1</span> 
     </span>
     <span class='ocr_line' id='line_1_44' title="bbox 426 1800 2038 1864; baseline 0.021 -33"><span class='ocrx_word' id='word_1_478' title='bbox 426 1800 545 1835; x_wconf 76' lang='lat' dir='ltr'>lenitas</span> <span class='ocrx_word' id='word_1_479' title='bbox 557 1809 620 1843; x_wconf 73' lang='lat' dir='ltr'>est,</span> <span class='ocrx_word' id='word_1_480' title='bbox 641 1818 708 1848; x_wconf 80' lang='lat' dir='ltr'>quae</span> <span class='ocrx_word' id='word_1_481' title='bbox 735 1808 822 1839; x_wconf 88' lang='lat' dir='ltr'>nulla</span> <span class='ocrx_word' id='word_1_482' title='bbox 848 1820 988 1851; x_wconf 76' lang='lat' dir='ltr'>unquam</span> <span class='ocrx_word' id='word_1_483' title='bbox 1009 1821 1066 1846; x_wconf 83' lang='lat' dir='ltr'>aut</span> <span class='ocrx_word' id='word_1_484' title='bbox 1087 1815 1331 1856; x_wconf 83' lang='lat' dir='ltr'>importunitate</span> <span class='ocrx_word' id='word_1_485' title='bbox 1359 1848 1369 1861; x_wconf 87' lang='lat'>‚</span> <span class='ocrx_word' id='word_1_486' title='bbox 1402 1833 1458 1856; x_wconf 77' lang='lat' dir='ltr'>aut</span> <span class='ocrx_word' id='word_1_487' title='bbox 1479 1827 1650 1858; x_wconf 80' lang='lat' dir='ltr'>offenslone</span> <span class='ocrx_word' id='word_1_488' title='bbox 1676 1830 1821 1862; x_wconf 86' lang='lat' dir='ltr'>vincatur</span> <span class='ocrx_word' id='word_1_489' title='bbox 1847 1831 1860 1864; x_wconf 72' lang='grc' dir='ltr'><em>ἓ</em></span> <span class='ocrx_word' id='word_1_490' title='bbox 1887 1832 1973 1864; x_wconf 81' lang='lat' dir='ltr'>Hanc</span> <span class='ocrx_word' id='word_1_491' title='bbox 2036 1836 2038 1842; x_wconf 82' lang='grc'><em>’</em></span> 
     </span>
     <span class='ocr_line' id='line_1_45' title="bbox 425 1846 1975 1910; baseline 0.021 -35"><span class='ocrx_word' id='word_1_492' title='bbox 425 1846 626 1884; x_wconf 77' lang='lat' dir='ltr'>CLEMENS</span> <span class='ocrx_word' id='word_1_493' title='bbox 641 1852 797 1891; x_wconf 85' lang='lat' dir='ltr'>optimam</span> <span class='ocrx_word' id='word_1_494' title='bbox 820 1856 1214 1894; x_wconf 85' lang='lat' dir='ltr'>naturaeinformationem</span> <span class='ocrx_word' id='word_1_495' title='bbox 1232 1874 1297 1896; x_wconf 92' lang='lat' dir='ltr'>uno</span> <span class='ocrx_word' id='word_1_496' title='bbox 1312 1867 1429 1900; x_wconf 86' lang='lat' dir='ltr'>Christi</span> <span class='ocrx_word' id='word_1_497' title='bbox 1452 1869 1600 1910; x_wconf 78' lang='lat' dir='ltr'>exemplo</span> <span class='ocrx_word' id='word_1_498' title='bbox 1613 1882 1646 1903; x_wconf 89' lang='lat' dir='ltr'>ac</span> <span class='ocrx_word' id='word_1_499' title='bbox 1665 1873 1780 1904; x_wconf 66' lang='lat' dir='ltr'>divina</span> <span class='ocrx_word' id='word_1_500' title='bbox 1795 1874 1885 1905; x_wconf 85' lang='lat' dir='ltr'>illius</span> <span class='ocrx_word' id='word_1_501' title='bbox 1898 1876 1975 1908; x_wconf 84' lang='lat' dir='ltr'>imi-</span> 
     </span>
     <span class='ocr_line' id='line_1_46' title="bbox 427 1892 1980 1955; baseline 0.019 -37"><span class='ocrx_word' id='word_1_502' title='bbox 427 1892 528 1922; x_wconf 80' lang='lat' dir='ltr'>tandae</span> <span class='ocrx_word' id='word_1_503' title='bbox 555 1893 807 1928; x_wconf 83' lang='lat' dir='ltr'>mansuetudinis</span> <span class='ocrx_word' id='word_1_504' title='bbox 831 1899 934 1929; x_wconf 84' lang='lat' dir='ltr'>studio</span> <span class='ocrx_word' id='word_1_505' title='bbox 948 1905 1167 1936; x_wconf 84' lang='lat' dir='ltr'>confirmavit.</span> <span class='ocrx_word' id='word_1_506' title='bbox 1191 1907 1227 1938; x_wconf 93' lang='lat' dir='ltr'>In</span> <span class='ocrx_word' id='word_1_507' title='bbox 1253 1908 1347 1941; x_wconf 84' lang='lat' dir='ltr'>illum</span> <span class='ocrx_word' id='word_1_508' title='bbox 1369 1913 1497 1944; x_wconf 86' lang='lat' dir='ltr'>intuens</span> <span class='ocrx_word' id='word_1_509' title='bbox 1520 1914 1608 1945; x_wconf 83' lang='lat' dir='ltr'>nulla</span> <span class='ocrx_word' id='word_1_510' title='bbox 1636 1918 1744 1955; x_wconf 87' lang='lat' dir='ltr'>potuit</span> <span class='ocrx_word' id='word_1_511' title='bbox 1771 1918 1869 1951; x_wconf 87' lang='lat' dir='ltr'>animi</span> <span class='ocrx_word' id='word_1_512' title='bbox 1894 1929 1980 1950; x_wconf 90' lang='lat' dir='ltr'>acer.</span> 
     </span>
     <span class='ocr_line' id='line_1_47' title="bbox 425 1932 1979 1995; baseline 0.021 -33"><span class='ocrx_word' id='word_1_513' title='bbox 425 1932 526 1966; x_wconf 85' lang='lat' dir='ltr'>bitate</span> <span class='ocrx_word' id='word_1_514' title='bbox 553 1939 701 1977; x_wconf 85' lang='lat' dir='ltr'>incitari,</span> <span class='ocrx_word' id='word_1_515' title='bbox 734 1940 825 1970; x_wconf 85' lang='lat' dir='ltr'>nullo</span> <span class='ocrx_word' id='word_1_516' title='bbox 849 1942 1018 1975; x_wconf 82' lang='lat' dir='ltr'>iracundiae</span> <span class='ocrx_word' id='word_1_517' title='bbox 1034 1955 1122 1977; x_wconf 85' lang='lat' dir='ltr'>motu</span> <span class='ocrx_word' id='word_1_518' title='bbox 1149 1952 1304 1984; x_wconf 87' lang='lat' dir='ltr'>concuti.</span> <span class='ocrx_word' id='word_1_519' title='bbox 1325 1955 1447 1987; x_wconf 76' lang='lat' dir='ltr'>Faciles</span> <span class='ocrx_word' id='word_1_520' title='bbox 1463 1957 1502 1987; x_wconf 88' lang='lat' dir='ltr'>ad</span> <span class='ocrx_word' id='word_1_521' title='bbox 1522 1957 1614 1988; x_wconf 90' lang='lat' dir='ltr'>illum</span> <span class='ocrx_word' id='word_1_522' title='bbox 1631 1962 1781 1993; x_wconf 86' lang='lat' dir='ltr'>omnibus</span> <span class='ocrx_word' id='word_1_523' title='bbox 1807 1965 1979 1995; x_wconf 86' lang='lat' dir='ltr'>erantadi-</span> 
     </span>
     <span class='ocr_line' id='line_1_48' title="bbox 426 1981 1979 2044; baseline 0.021 -38"><span class='ocrx_word' id='word_1_524' title='bbox 426 1982 501 2016; x_wconf 87' lang='lat' dir='ltr'>tus;</span> <span class='ocrx_word' id='word_1_525' title='bbox 527 1992 563 2013; x_wconf 85' lang='lat' dir='ltr'>ea</span> <span class='ocrx_word' id='word_1_526' title='bbox 590 1981 744 2014; x_wconf 61' lang='lat' dir='ltr'>sermonis</span> <span class='ocrx_word' id='word_1_527' title='bbox 770 1986 908 2016; x_wconf 80' lang='lat' dir='ltr'>comitas</span> <span class='ocrx_word' id='word_1_528' title='bbox 930 1997 964 2018; x_wconf 88' lang='lat' dir='ltr'>ac</span> <span class='ocrx_word' id='word_1_529' title='bbox 988 1991 1167 2032; x_wconf 82' lang='lat' dir='ltr'>benignitas</span> <span class='ocrx_word' id='word_1_530' title='bbox 1184 2019 1192 2031; x_wconf 97' lang='lat'>‚</span> <span class='ocrx_word' id='word_1_531' title='bbox 1215 2002 1252 2026; x_wconf 91' lang='lat' dir='ltr'>ut</span> <span class='ocrx_word' id='word_1_532' title='bbox 1276 1998 1408 2041; x_wconf 86' lang='lat' dir='ltr'>quisque</span> <span class='ocrx_word' id='word_1_533' title='bbox 1426 2009 1532 2041; x_wconf 86' lang='lat' dir='ltr'>aperte</span> <span class='ocrx_word' id='word_1_534' title='bbox 1546 2002 1745 2044; x_wconf 81' lang='lat' dir='ltr'>intelligeret</span> <span class='ocrx_word' id='word_1_535' title='bbox 1761 2015 1824 2037; x_wconf 82' lang='lat' dir='ltr'>non</span> <span class='ocrx_word' id='word_1_536' title='bbox 1851 2009 1979 2039; x_wconf 87' lang='lat' dir='ltr'>medio-</span> 
     </span>
     <span class='ocr_line' id='line_1_49' title="bbox 423 2025 1981 2092; baseline 0.019 -40"><span class='ocrx_word' id='word_1_537' title='bbox 423 2030 506 2053; x_wconf 81' lang='lat' dir='ltr'>crem</span> <span class='ocrx_word' id='word_1_538' title='bbox 531 2025 562 2056; x_wconf 84' lang='lat' dir='ltr'>in</span> <span class='ocrx_word' id='word_1_539' title='bbox 578 2026 672 2059; x_wconf 86' lang='lat' dir='ltr'>illum</span> <span class='ocrx_word' id='word_1_540' title='bbox 696 2030 724 2060; x_wconf 77' lang='grc'>8(</span> <span class='ocrx_word' id='word_1_541' title='bbox 741 2039 780 2059; x_wconf 89' lang='lat' dir='ltr'>ex</span> <span class='ocrx_word' id='word_1_542' title='bbox 806 2030 918 2060; x_wconf 86' lang='lat' dir='ltr'>alienis</span> <span class='ocrx_word' id='word_1_543' title='bbox 949 2033 1042 2064; x_wconf 84' lang='lat' dir='ltr'>malis</span> <span class='ocrx_word' id='word_1_544' title='bbox 1066 2036 1213 2069; x_wconf 85' lang='lat' dir='ltr'>molestiae</span> <span class='ocrx_word' id='word_1_545' title='bbox 1238 2048 1377 2078; x_wconf 84' lang='lat' dir='ltr'>partem.</span> <span class='ocrx_word' id='word_1_546' title='bbox 1402 2046 1485 2078; x_wconf 77' lang='lat' dir='ltr'>&amp;ex</span> <span class='ocrx_word' id='word_1_547' title='bbox 1506 2046 1599 2076; x_wconf 86' lang='lat' dir='ltr'>bonis</span> <span class='ocrx_word' id='word_1_548' title='bbox 1625 2048 1800 2080; x_wconf 81' lang='lat' dir='ltr'>redundare</span> <span class='ocrx_word' id='word_1_549' title='bbox 1826 2050 1981 2092; x_wconf 78' lang='lat' dir='ltr'>volupta-</span> 
     </span>
     <span class='ocr_line' id='line_1_50' title="bbox 425 2065 1978 2132; baseline 0.021 -38"><span class='ocrx_word' id='word_1_550' title='bbox 425 2065 466 2095; x_wconf 83' lang='lat' dir='ltr'>tis</span> <span class='ocrx_word' id='word_1_551' title='bbox 484 2088 491 2096; x_wconf 90' lang='lat'><strong>.</strong></span> <span class='ocrx_word' id='word_1_552' title='bbox 520 2069 554 2100; x_wconf 78' lang='lat' dir='ltr'>ln</span> <span class='ocrx_word' id='word_1_553' title='bbox 572 2069 636 2111; x_wconf 84' lang='lat' dir='ltr'>ipsa</span> <span class='ocrx_word' id='word_1_554' title='bbox 663 2071 816 2113; x_wconf 73' lang='lat' dir='ltr'>regnandi</span> <span class='ocrx_word' id='word_1_555' title='bbox 840 2075 1025 2107; x_wconf 88' lang='lat' dir='ltr'>conditione</span> <span class='ocrx_word' id='word_1_556' title='bbox 1042 2078 1128 2109; x_wconf 85' lang='lat' dir='ltr'>illud</span> <span class='ocrx_word' id='word_1_557' title='bbox 1151 2089 1220 2113; x_wconf 84' lang='lat' dir='ltr'>erat</span> <span class='ocrx_word' id='word_1_558' title='bbox 1240 2086 1491 2121; x_wconf 82' lang='lat' dir='ltr'>jucundissimum</span> <span class='ocrx_word' id='word_1_559' title='bbox 1517 2114 1524 2127; x_wconf 89' lang='lat'><strong>‚</strong></span> <span class='ocrx_word' id='word_1_560' title='bbox 1551 2091 1637 2129; x_wconf 84' lang='lat' dir='ltr'>quod</span> <span class='ocrx_word' id='word_1_561' title='bbox 1663 2091 1735 2123; x_wconf 86' lang='lat' dir='ltr'>inde</span> <span class='ocrx_word' id='word_1_562' title='bbox 1758 2099 1888 2124; x_wconf 84' lang='lat' dir='ltr'>caeteros</span> <span class='ocrx_word' id='word_1_563' title='bbox 1923 2096 1978 2132; x_wconf 86' lang='lat' dir='ltr'>ju-</span> 
     </span>
     <span class='ocr_line' id='line_1_51' title="bbox 421 2110 1974 2176; baseline 0.02 -37"><span class='ocrx_word' id='word_1_564' title='bbox 421 2110 517 2140; x_wconf 77' lang='lat' dir='ltr'>vandi</span> <span class='ocrx_word' id='word_1_565' title='bbox 540 2124 575 2144; x_wconf 78' lang='lat' dir='ltr'>ac</span> <span class='ocrx_word' id='word_1_566' title='bbox 603 2115 762 2146; x_wconf 79' lang='lat' dir='ltr'>benefciis</span> <span class='ocrx_word' id='word_1_567' title='bbox 787 2118 1017 2157; x_wconf 45' lang='lat' dir='ltr'>complectendi</span> <span class='ocrx_word' id='word_1_568' title='bbox 1039 2123 1179 2155; x_wconf 81' lang='lat' dir='ltr'>maxima</span> <span class='ocrx_word' id='word_1_569' title='bbox 1201 2129 1276 2159; x_wconf 82' lang='lat' dir='ltr'>esset</span> <span class='ocrx_word' id='word_1_570' title='bbox 1287 2134 1513 2170; x_wconf 81' lang='lat' dir='ltr'>opportunitas</span> <span class='ocrx_word' id='word_1_571' title='bbox 1528 2155 1535 2163; x_wconf 89' lang='lat'><strong>.</strong></span> <span class='ocrx_word' id='word_1_572' title='bbox 1561 2134 1630 2164; x_wconf 86' lang='lat' dir='ltr'>Hoc</span> <span class='ocrx_word' id='word_1_573' title='bbox 1643 2145 1754 2166; x_wconf 79' lang='lat' dir='ltr'>omues</span> <span class='ocrx_word' id='word_1_574' title='bbox 1784 2136 1907 2176; x_wconf 85' lang='lat' dir='ltr'>imperii</span> <span class='ocrx_word' id='word_1_575' title='bbox 1926 2139 1974 2170; x_wconf 91' lang='lat' dir='ltr'>la-</span> 
     </span>
     <span class='ocr_line' id='line_1_52' title="bbox 422 2152 1978 2218; baseline 0.019 -34"><span class='ocrx_word' id='word_1_576' title='bbox 422 2152 516 2183; x_wconf 76' lang='lat' dir='ltr'>bores</span> <span class='ocrx_word' id='word_1_577' title='bbox 542 2159 567 2187; x_wconf 70' lang='grc' dir='ltr'>ἅ</span> <span class='ocrx_word' id='word_1_578' title='bbox 596 2167 688 2190; x_wconf 85' lang='lat' dir='ltr'>curas</span> <span class='ocrx_word' id='word_1_579' title='bbox 716 2159 791 2191; x_wconf 86' lang='lat' dir='ltr'>satis</span> <span class='ocrx_word' id='word_1_580' title='bbox 816 2163 1003 2204; x_wconf 77' lang='lat' dir='ltr'>mitigabat,</span> <span class='ocrx_word' id='word_1_581' title='bbox 1024 2167 1083 2196; x_wconf 86' lang='lat' dir='ltr'>hoc</span> <span class='ocrx_word' id='word_1_582' title='bbox 1108 2169 1278 2202; x_wconf 66' lang='lat' dir='ltr'>maximam</span> <span class='ocrx_word' id='word_1_583' title='bbox 1305 2173 1355 2205; x_wconf 85' lang='lat' dir='ltr'>illi</span> <span class='ocrx_word' id='word_1_584' title='bbox 1384 2174 1626 2208; x_wconf 83' lang='lat' dir='ltr'>solicitudinum</span> <span class='ocrx_word' id='word_1_585' title='bbox 1649 2187 1769 2218; x_wconf 82' lang='lat' dir='ltr'>partem</span> <span class='ocrx_word' id='word_1_586' title='bbox 1793 2181 1978 2217; x_wconf 80' lang='lat' dir='ltr'>adimebat.</span> 
     </span>
     <span class='ocr_line' id='line_1_53' title="bbox 427 2194 2045 2269; baseline 0.02 -44"><span class='ocrx_word' id='word_1_587' title='bbox 427 2194 626 2230; x_wconf 70' lang='lat' dir='ltr'>Permultum</span> <span class='ocrx_word' id='word_1_588' title='bbox 652 2204 780 2242; x_wconf 85' lang='lat' dir='ltr'>quidem</span> <span class='ocrx_word' id='word_1_589' title='bbox 798 2205 943 2244; x_wconf 78' lang='lat' dir='ltr'>interest,</span> <span class='ocrx_word' id='word_1_590' title='bbox 966 2212 1135 2248; x_wconf 86' lang='lat' dir='ltr'>quomodo</span> <span class='ocrx_word' id='word_1_591' title='bbox 1158 2214 1288 2257; x_wconf 87' lang='lat' dir='ltr'>quisque</span> <span class='ocrx_word' id='word_1_592' title='bbox 1311 2219 1440 2251; x_wconf 71' lang='lat' dir='ltr'>affeftus</span> <span class='ocrx_word' id='word_1_593' title='bbox 1460 2220 1554 2252; x_wconf 75' lang='lat' dir='ltr'>iuliis</span> <span class='ocrx_word' id='word_1_594' title='bbox 1581 2221 1675 2253; x_wconf 86' lang='lat' dir='ltr'>etiam</span> <span class='ocrx_word' id='word_1_595' title='bbox 1693 2223 1802 2254; x_wconf 76' lang='lat' dir='ltr'>officiis</span> <span class='ocrx_word' id='word_1_596' title='bbox 1821 2225 1974 2266; x_wconf 82' lang='lat' dir='ltr'>versetur,</span> <span class='ocrx_word' id='word_1_597' title='bbox 2017 2256 2022 2260; x_wconf 84' lang='grc'><strong>,</strong></span> <span class='ocrx_word' id='word_1_598' title='bbox 2043 2266 2045 2269; x_wconf 24' lang='lat'><strong><em>¹</em></strong></span> 
     </span>
     <span class='ocr_line' id='line_1_54' title="bbox 426 2240 1974 2311; baseline 0.025 -42"><span class='ocrx_word' id='word_1_599' title='bbox 426 2240 508 2269; x_wconf 55' lang='lat' dir='ltr'>vnde</span> <span class='ocrx_word' id='word_1_600' title='bbox 524 2245 685 2275; x_wconf 72' lang='lat' dir='ltr'>uberrimae</span> <span class='ocrx_word' id='word_1_601' title='bbox 708 2247 914 2280; x_wconf 75' lang='lat' dir='ltr'>liberalitatis</span> <span class='ocrx_word' id='word_1_602' title='bbox 940 2252 1050 2283; x_wconf 80' lang='lat' dir='ltr'>laudes</span> <span class='ocrx_word' id='word_1_603' title='bbox 1071 2257 1331 2298; x_wconf 51' lang='lat' dir='ltr'>consequuntur.¹</span> <span class='ocrx_word' id='word_1_604' title='bbox 1357 2263 1463 2311; x_wconf 76' lang='lat' dir='ltr'>Qam</span> <span class='ocrx_word' id='word_1_605' title='bbox 1494 2264 1595 2297; x_wconf 70' lang='lat' dir='ltr'>mfilta</span> <span class='ocrx_word' id='word_1_606' title='bbox 1621 2265 1702 2296; x_wconf 72' lang='lat' dir='ltr'>enlm</span> <span class='ocrx_word' id='word_1_607' title='bbox 1723 2292 1730 2305; x_wconf 85' lang='lat'>‚</span> <span class='ocrx_word' id='word_1_608' title='bbox 1752 2278 1819 2308; x_wconf 73' lang='lat' dir='ltr'>qssae</span> <span class='ocrx_word' id='word_1_609' title='bbox 1842 2270 1870 2299; x_wconf 68' lang='grc' dir='ltr'>ἃ</span> <span class='ocrx_word' id='word_1_610' title='bbox 1896 2269 1974 2301; x_wconf 72' lang='lat' dir='ltr'>llbe-</span> 
     </span>
     <span class='ocr_line' id='line_1_55' title="bbox 422 2281 1973 2348; baseline 0.021 -37"><span class='ocrx_word' id='word_1_611' title='bbox 422 2281 569 2319; x_wconf 70' lang='lat' dir='ltr'>taliter&amp;</span> <span class='ocrx_word' id='word_1_612' title='bbox 591 2290 753 2332; x_wconf 80' lang='lat' dir='ltr'>magnifice</span> <span class='ocrx_word' id='word_1_613' title='bbox 779 2294 861 2334; x_wconf 78' lang='lat' dir='ltr'>gesta</span> <span class='ocrx_word' id='word_1_614' title='bbox 888 2296 944 2325; x_wconf 75' lang='lat' dir='ltr'>esse</span> <span class='ocrx_word' id='word_1_615' title='bbox 969 2296 1201 2341; x_wconf 52' lang='lat' dir='ltr'>pra-dicamur:</span> <span class='ocrx_word' id='word_1_616' title='bbox 1226 2314 1293 2345; x_wconf 86' lang='lat' dir='ltr'>quae</span> <span class='ocrx_word' id='word_1_617' title='bbox 1324 2309 1520 2348; x_wconf 80' lang='lat' dir='ltr'>populorum</span> <span class='ocrx_word' id='word_1_618' title='bbox 1543 2309 1714 2340; x_wconf 85' lang='lat' dir='ltr'>commodo</span> <span class='ocrx_word' id='word_1_619' title='bbox 1734 2312 1763 2344; x_wconf 72' lang='lat' dir='ltr'>S&lt;</span> <span class='ocrx_word' id='word_1_620' title='bbox 1804 2311 1973 2345; x_wconf 79' lang='lat' dir='ltr'>civitatum</span> 
     </span>
    </p>
   </div>
  </div>
 </body>
</html>
