2054 2765
508 186 615 226 Atque
637 184 761 214 utinam
785 183 823 214 ab
850 183 938 214 omni
961 189 1065 213 rerum
1085 138 1164 213 serifi
1187 137 1282 224 atqrie
1305 178 1417 211 ordine
1431 176 1643 220 percensendo
1656 177 1804 220 angustiis
1830 174 1983 216 temporis

421 228 552 259 minime
578 227 801 259 excluderetur
825 227 951 263 oratio,
975 225 1039 265 ipsa
1063 225 1117 256 illa
1141 232 1227 256 certe
1254 225 1372 267 ingenii
1397 233 1430 254 ac
1458 229 1578 255 naturae
1606 222 1699 254 initia
1713 223 1753 253 ad
1776 221 1986 253 excellentem

424 273 582 311 quandam
612 270 807 303 sanCtitatem
830 269 977 300 inchoata
993 293 1001 307 ,
1025 278 1059 300 ac
1081 269 1175 308 primi
1197 268 1447 300 CLEMENTIS
1475 266 1514 298 ad
1537 266 1762 305 rempublicam
1784 265 1913 301 aditus,
1935 269 1986 292 at-
2034 274 2037 280 ·

421 326 481 355 que
509 315 564 345 alii
593 315 706 346 deinde
732 315 763 344 in
790 314 1047 353 ampliffimorum
1073 311 1239 344 munerum
1263 312 1482 352 perfunctione
1505 309 1639 351 suscepti
1664 310 1771 341 cursus
1796 307 1872 339 satis
1899 306 1987 336 indi-

420 368 531 390 carent
557 361 619 397 jam
645 365 714 388 tum
736 357 905 388 informari
927 362 1022 397 atque
1049 355 1158 386 instrui
1189 364 1330 396 coeptam
1356 356 1413 386 esse
1429 354 1518 386 illam
1531 354 1718 385 innocentiae
1745 351 1939 393 integritatis
1954 358 1990 380 ac

424 398 558 433 virtutis
577 402 733 442 speciem,
755 410 823 441 quae
850 400 964 430 deinde
980 400 1055 429 esset
1071 400 1217 431 omnium
1239 398 1354 430 oculos
1386 400 1424 429 ad
1446 397 1494 429 sui
1509 397 1754 428 admirationem
1775 394 1987 427 conversura.

425 446 545 477 Verum
575 457 644 476 cum
669 456 727 486 pro
751 443 930 478 incredibili
958 453 1061 473 rernm
1087 443 1176 483 copia
1202 451 1402 484 nequaquam
1419 441 1540 482 possim
1554 441 1810 472 omniaxficendo
1825 437 1989 479 persequi,

423 489 462 520 ad
483 489 540 520 illa
566 489 722 520 continuo
750 498 799 518 me
820 488 1006 529 conferam,
1031 497 1099 529 qnae
1129 486 1307 526 reipublicae
1335 486 1475 517 utilitate
1494 485 1667 517 clarissima
1692 484 1787 522 sunt,
1813 481 1992 522 &ipsaim-

423 532 502 572 perii
530 532 747 573 magnitudine
771 541 804 562 at:
826 531 982 572 dignitate
1017 540 1147 562 omnem
1171 532 1384 562 humanarum
1408 540 1511 560 rerum
1536 529 1754 564 conditionem
1780 526 1991 568 praetergreffa

426 577 483 606 effe
509 576 609 607 videri
635 576 761 616 possint
777 598 785 606 .
807 576 894 616 Quid
911 575 993 604 enim
1010 573 1096 604 aliud
1116 573 1220 614 quaeso
1242 573 1356 606 summi
1378 572 1408 604 in
1425 573 1601 606 Christiana
1617 571 1775 613 republica
1793 570 1993 609 Principatus

427 621 579 653 nomine.
605 619 684 660 quid
709 618 842 650 maximi
867 620 1033 649 Sacrorum
1059 617 1222 649 Antistitis
1258 627 1388 648 munere
1414 617 1599 648 continetur
1624 642 1633 656 ‚
1665 625 1760 658 quam
1784 614 1931 645 divinum
1956 622 1992 645 ac

428 664 616 695 immensum
645 663 798 704 quiddam
822 663 834 695 ἓ
857 662 950 693 illum
977 660 1129 692 nimirum
1152 685 1161 698 ‚
1186 663 1240 701 qui
1269 668 1307 692 eo
1330 661 1402 691 loco
1429 662 1466 691 fit
1486 661 1607 701 politus
1627 683 1636 697 ,
1662 662 1767 691 Deum
1790 658 1872 688 inter
1896 660 2005 698 atque!
2040 654 2054 676 '²‘

429 708 576 739 homines
611 706 803 749 sequestrum
825 707 882 736 esse
898 731 906 743 ,
932 704 1051 735 divinis
1072 706 1208 737 humana
1229 706 1441 744 conjungere,
1465 703 1512 736 sui
1527 705 1614 746 regni
1636 703 1713 734 fines
1729 703 1840 735 iisdem
1855 702 1911 732 effe
1926 700 1995 733 caeli
2042 700 2054 720 ¹²¹

428 761 463 782 ac
489 752 664 782 inferorum
687 748 832 782 terminis
859 748 1058 788 descriptos,
1087 748 1193 789 legum
1219 758 1254 779 ac
1273 747 1468 779 sanetionum
1490 758 1558 779 eam
1584 748 1648 779 vim
1675 749 1730 778 ess'e
1745 773 1755 788 ‚
1778 757 1846 788 quae
1860 754 1923 775 non
1938 743 1995 775 so-

429 794 497 825 lum
516 794 555 824 ad
578 795 698 825 civium
720 792 860 824 actiones
878 790 1062 832 dirigendas
1076 815 1084 828 ‚
1111 791 1164 823 sed
1187 792 1227 823 ad
1253 798 1377 821 mentes
1399 791 1710 823 etiaminflec‘tendas
1724 813 1733 829 ,
1759 798 1854 832 atque
1870 788 1909 819 ad
1922 798 1996 828 per-

430 837 614 869 tractandos
640 837 774 868 intimos
796 836 977 867 animorum
997 835 1128 866 recessus
1151 841 1333 875 permanet,
1357 844 1391 864 ac
1408 844 1534 866 morum
1559 834 1723 867 sanc‘titate
1764 842 1860 877 atque
1885 843 1995 863 exem-

429 882 492 923 plis
518 881 664 912 omnium
687 880 812 911 animos
836 880 878 909 ad
901 879 1057 912 virtutem
1082 889 1117 909 ac
1141 879 1203 912 Dei
1227 878 1324 919 ipsius
1351 878 1590 910 similitudinem
1623 880 1768 910 traducat
1791 901 1800 912 .
1839 878 1891 908 Ad
1914 871 2010 922 hanc}
2044 876 2053 903 5¹

429 933 552 956 tantam
575 936 679 956 rerum
703 923 948 964 amplitudinem
975 932 1047 953 cum
1062 920 1091 953 se
1106 922 1265 955 divinitus
1293 922 1418 954 evocari
1444 922 1640 954 CLEMENS
1666 922 1868 964 agnosceret,
1893 929 1998 960 quan-
2026 922 2054 952 ,3¹¹⁴

430 979 525 1011 quam
546 968 825 1000 vehementissime
846 973 1027 999 commotus
1050 976 1083 997 ac
1104 967 1309 1007 perturbatus
1326 988 1334 997 .
1359 972 1465 997 tamen
1491 976 1604 1008 magno
1618 965 1648 998 se
1664 976 1757 1008 atque
1782 967 1884 997 erecto
1897 973 2011 1003 opor-.
2049 973 2054 984 ¹

432 1020 499 1044 tere
526 1013 582 1044 effe
609 1013 716 1043 animo
743 1010 900 1049 judicavit
924 1022 934 1048 ;
963 1019 1035 1040 cum
1055 1020 1072 1041 a
1104 1022 1169 1051 quo
1193 1011 1247 1042 fibi
1273 1009 1355 1041 tanti
1379 1009 1504 1050 imperii
1527 1011 1782 1050 procurationem
1809 1011 1866 1040 ess'e
1891 1006 1996 1038 tradi-

432 1063 498 1087 tam
514 1057 636 1088 videret
650 1081 659 1094 ‚
671 1056 806 1088 eundem
823 1055 854 1086 se
869 1055 1049 1092 adjutorem
1061 1078 1070 1091 ,
1086 1055 1235 1085 comitem
1249 1079 1259 1092 ‚
1280 1063 1314 1083 ac
1327 1054 1438 1083 ducem
1454 1054 1636 1084 habiturum
1651 1055 1827 1085 confideret
1839 1074 1848 1084 .
1872 1055 1996 1086 Verum.

435 1110 499 1130 non
520 1100 614 1130 aliam
639 1100 813 1131 certiorem
838 1097 1040 1139 comparandi
1064 1098 1119 1129 fibi
1146 1097 1233 1129 illius
1255 1097 1386 1137 praefidii
1408 1096 1563 1128 rationem
1591 1099 1648 1128 effe
1673 1099 1778 1136 vidit,
1803 1095 1997 1139 quamfire-

436 1144 566 1184 ligionis
583 1168 591 1180 ‚
620 1145 709 1181 cujus
735 1143 833 1173 facem
856 1143 1018 1185 praer'erret
1034 1161 1042 1175 ,
1067 1142 1133 1171 vim
1150 1141 1267 1179 etiam,
1291 1151 1357 1182 quae
1384 1140 1412 1170 in
1435 1143 1508 1172 Deo
1532 1141 1668 1172 colendo
1683 1142 1909 1182 diligendoque
1923 1152 1997 1172 om-

434 1188 485 1217 nis
515 1191 556 1218 est
579 1187 698 1226 posita,
724 1187 755 1216 in
778 1185 808 1216 se
836 1184 900 1224 ipse
924 1182 1127 1223 potissimum
1153 1185 1348 1224 exprimeret
1370 1209 1380 1220 ,
1407 1185 1486 1215 faeta
1509 1186 1537 1216 S<
1557 1184 1688 1216 consilia
1707 1186 1816 1216 omnia
1836 1187 1875 1216 ad
1903 1186 1995 1217 illius

433 1230 637 1262 voluntatem
659 1234 864 1270 aggregaret,
890 1227 977 1258 illius
1005 1227 1193 1257 auctoritate
1215 1229 1368 1259 niteretur
1384 1247 1393 1261 ‚
1419 1227 1509 1259 dietis
1535 1228 1629 1259 fidem
1649 1229 1855 1270 adjungeret,
1880 1229 1926 1261 illi
1941 1230 1996 1261 uni
2014 1251 2015 1254 ,

435 1280 507 1304 tota
534 1272 649 1304 mentis
672 1271 873 1303 consensione
900 1295 908 1308 ‚
934 1278 1028 1311 atque
1059 1280 1167 1300 amore
1194 1270 1417 1302 adnaeresceret
1444 1292 1452 1301 .
1483 1273 1596 1311 Itaque
1628 1282 1715 1303 novo
1737 1273 1874 1315 quodam
1900 1280 1997 1313 atque

434 1318 585 1348 inusitato
608 1318 721 1347 ardore
737 1338 744 1351 ,
773 1325 806 1345 ac
835 1316 903 1351 ejus
927 1312 1124 1346 conseaairdi
1150 1314 1323 1354 propositi,
1346 1314 1432 1353 quod
1460 1313 1547 1344 illius
1574 1315 1681 1346 animo
1707 1317 1894 1356 iampridem
1915 1316 2000 1349 inse-

434 1361 550 1397 derat,
573 1360 753 1391 incredibili
778 1358 954 1397 cupiditate
977 1357 1124 1389 incensus
1146 1359 1300 1389 continuo
1324 1358 1362 1389 ad
1392 1359 1473 1387 hunc
1498 1359 1656 1389 bonorum
1687 1370 1720 1390 ac
1743 1361 1900 1390 virtutum
1925 1371 2005 1392 oms

435 1405 523 1435 nium
551 1405 672 1434 fontem
693 1403 922 1443 cogitationem
937 1427 946 1440 ,
970 1401 1074 1442 spem,
1099 1401 1258 1441 studium,
1283 1410 1317 1432 ac
1340 1400 1527 1432 desiderium
1551 1412 1645 1433 omne
1668 1405 1854 1434 convertit:
1881 1405 1997 1436 abhoc
2017 1400 2019 1406 Α

434 1448 523 1479 omni
545 1447 635 1477 cultu
651 1473 659 1485 ,
684 1445 845 1488 obsequiis
872 1446 1020 1476 omnibus
1048 1446 1241 1477 demerendo
1264 1455 1425 1486 nunquam
1452 1445 1586 1484 divelli,
1613 1447 1652 1477 ad
1676 1449 1757 1478 hunc
1780 1458 1878 1478 unum
1906 1446 2000 1480 labo-

438 1492 526 1523 ribus
555 1491 750 1532 defatigatus
776 1492 970 1531 confugere,
992 1489 1024 1519 in
1043 1499 1145 1530 eoque
1168 1490 1297 1529 pietatis
1317 1489 1374 1521 usu
1398 1489 1608 1520 libentissime
1636 1490 1875 1531 conquiescere,
1899 1491 1930 1522 in
1946 1502 1999 1523 re.

434 1537 494 1567 bus
524 1534 652 1576 agendis
674 1536 741 1572 ejus
766 1534 894 1565 consilia
915 1532 1105 1573 exquirere,
1128 1543 1190 1563 una
1219 1533 1306 1564 illius
1330 1534 1443 1563 fiducia
1459 1533 1611 1571 recreari,
1648 1535 1714 1571 ejus
1739 1535 1879 1575 praefidio
1902 1542 2001 1566 actu.

435 1579 506 1609 telae
531 1579 561 1610 se
585 1578 698 1618 suaque
725 1577 835 1608 omnia
855 1577 1038 1616 permittere
1054 1598 1063 1607 .
1088 1577 1198 1617 Neque
1223 1586 1300 1606 vero
1323 1576 1371 1606 hic
1388 1584 1495 1606 tantus
1517 1576 1649 1617 pietatis
1671 1578 1765 1608 ardor
1782 1578 1912 1610 latebris
1928 1580 1999 1610 ani-

435 1623 480 1653 mi
505 1621 689 1652 delitescere
713 1631 748 1651 ac
771 1621 927 1652 contineri
955 1625 1100 1661 poterat,
1125 1620 1202 1661 quin
1224 1619 1263 1650 ad
1288 1619 1431 1650 omnium
1460 1620 1555 1650 eriam
1583 1621 1690 1652 sensus
1713 1629 1892 1657 emanaret,
1918 1622 1997 1663 quin

435 1676 492 1698 ore
519 1665 613 1696 vultu
638 1663 740 1696 oculis
765 1664 936 1700 emicaret,
963 1673 999 1694 ac
1022 1670 1225 1703 erumperet.
1252 1663 1479 1695 Recordamini
1504 1663 1607 1704 quaeso
1638 1664 1714 1695 illos
1745 1666 1843 1696 animi
1867 1673 1998 1705 motus,

435 1710 551 1749 quibus
573 1709 673 1748 ipsum
699 1707 831 1740 excitari
859 1708 890 1738 in
917 1706 1046 1747 templis
1073 1706 1226 1738 adeundis
1253 1733 1262 1746 ‚
1298 1706 1370 1736 illas
1396 1707 1461 1738 oris
1488 1708 1758 1739 inflammationes
1784 1731 1792 1745 ‚
1822 1709 1940 1750 quibus
1963 1709 1997 1741 in

438 1753 533 1786 sacris
556 1753 707 1783 faciendis
729 1751 854 1783 incendi
879 1751 1088 1790 videbamus,
1114 1760 1185 1781 cum
1206 1750 1300 1781 illum
1325 1752 1353 1781 ἃ
1380 1750 1442 1780 loci
1466 1752 1607 1789 majestas
1632 1754 1658 1784 S<
1685 1753 1794 1792 populi
1819 1755 1997 1795 frequentia.

436 1800 466 1830 ἃ
493 1798 601 1828 nostrae
623 1796 773 1827 utilitatis
796 1794 1021 1835 opportunitas
1046 1793 1325 1825 vehementissime
1353 1802 1595 1827 commoveret.
1620 1798 1662 1827 Ac
1688 1796 1758 1828 sane
1775 1797 1851 1836 quid
1866 1796 1904 1828 ad
1920 1798 1999 1829 reli-

441 1841 546 1882 gionis
573 1839 707 1879 speciem
733 1839 892 1880 augustius
914 1839 970 1869 effe
988 1840 1112 1880 potest,
1139 1838 1219 1879 qnid
1242 1838 1273 1868 in
1301 1838 1448 1868 humanis
1473 1839 1565 1869 rebus
1592 1839 1845 1880 magnificentius
1870 1864 1880 1878 ,
1905 1849 2001 1880 quam

440 1887 500 1915 hos
533 1884 680 1924 publicos
709 1883 837 1923 pietatis
860 1888 1037 1913 conventus
1057 1882 1111 1922 agi
1133 1891 1238 1913 coram
1266 1881 1333 1922 ipso
1349 1883 1454 1912 omnis
1469 1881 1643 1914 sanCtitatis
1670 1886 1806 1916 Auctore
1818 1885 1914 1916 Deo?
1934 1895 1997 1925 qua

441 1928 474 1959 in
495 1939 527 1958 re
553 1926 652 1967 magis
684 1937 778 1967 quam
809 1927 838 1957 in
868 1926 1047 1963 hujusmodi
1070 1924 1253 1956 celebritate
1279 1925 1402 1955 elucere
1429 1927 1457 1957 ἃ
1481 1932 1630 1967 tanquam
1657 1929 1686 1958 in
1718 1930 1842 1958 theatro
1865 1927 1996 1966 speEtari

443 1971 575 2002 maximi
603 1974 768 2001 sacrorum
795 1969 931 2000 l'raefidis
957 1971 1058 2001 virtus
1084 1969 1096 2000 ?
1135 1968 1239 1999 Facile
1266 1968 1393 2010 quidem
1418 1980 1529 2001 omnes
1557 1976 1649 2001 tantae
1671 1971 1715 2001 rei
1743 1971 2000 2012 magnitudinem

442 2023 538 2056 atque
564 2013 738 2044 utilitatem
764 2013 992 2054 perspicerent,
1019 2014 1039 2043 fi
1064 2019 1132 2042 tum
1159 2014 1266 2043 Deum
1290 2012 1390 2052 ipsum
1415 2014 1452 2043 ab
1478 2013 1535 2043 illo
1551 2023 1719 2046 evocatum
1734 2023 1828 2055 atque
1845 2014 2000 2047 immensa

443 2069 478 2089 ac
503 2057 680 2088 immortali
705 2058 773 2088 luce
798 2056 1023 2088 circumfusum
1042 2056 1073 2086 in
1096 2056 1159 2086 aris
1186 2062 1346 2096 tamquam
1373 2057 1402 2087 in
1428 2055 1510 2088 solio
1535 2058 1637 2097 palam
1670 2058 1884 2089 confidentem
1910 2059 2001 2091 vide-

445 2108 516 2132 rent
533 2127 541 2139 ,
564 2102 584 2130 si
611 2100 701 2131 illius
729 2108 804 2132 vota
831 2108 925 2141 atque
947 2099 1183 2131 obsecrationes
1199 2099 1406 2131 libentissime
1421 2101 1648 2140 excipientem,
1670 2110 1763 2142 atque
1783 2103 1850 2138 ejus
1867 2112 1924 2141 pro
1935 2114 1998 2143 po-

445 2145 511 2184 puli
533 2143 754 2175 incolumitate
778 2144 1023 2176 advocationem
1047 2142 1298 2184 acceptissimam
1324 2144 1378 2184 ipsi
1392 2146 1448 2174 ess‘e
1462 2144 1700 2185 conspicerent3
1724 2144 1795 2186 quis
1810 2155 1873 2175 non
1887 2145 1997 2185 suam,
2038 2167 2043 2187 1

447 2198 511 2217 non
534 2188 677 2218 omnium
704 2199 768 2218 rem
791 2195 860 2218 tum
879 2188 927 2229 agi
959 2187 1097 2219 maxime
1122 2187 1282 2225 crederet,
1304 2194 1400 2230 atque
1426 2187 1459 2218 in
1483 2191 1540 2219 hoc
1564 2189 1689 2229 pietatis
1716 2199 1842 2219 munere
1858 2199 1919 2219 non
1946 2190 1996 2222 as·
2034 2188 2049 2224 ῥ’

447 2230 534 2260 fidue
560 2230 653 2260 illum
678 2231 814 2268 versari,
836 2241 902 2261 ‘non
920 2232 1092 2271 praecipuas
1120 2231 1208 2261 illius
1231 2236 1338 2270 partes
1362 2232 1435 2260 sitas
1457 2233 1513 2262 esse
1537 2232 1636 2262 vellet
1661 2232 1673 2264 ?
1705 2232 1763 2262 Sed
1786 2243 1861 2263 num
1887 2233 2002 2266 oculo·
2035 2230 2045 2258 '-

448 2282 520 2304 rum
545 2274 692 2311 praelidiis
709 2275 886 2315 indigemus
907 2298 914 2311 2
936 2282 973 2304 ut
997 2274 1132 2305 certiora
1155 2275 1248 2304 nobis
1265 2275 1322 2305 esse
1345 2273 1489 2314 possint,
1511 2285 1578 2315 quae
1599 2274 1712 2305 divinae
1732 2276 1930 2307 auctoritatis
1947 2288 2001 2307 ro·
2036 2288 2037 2308 1

456 2317 532 2348 bore
550 2315 623 2346 sunt
649 2317 830 2349 firmissima
847 2319 859 2350 ἓ
884 2319 968 2349 Num
985 2316 1058 2348 ullae
1069 2317 1141 2349 sunt
1156 2326 1261 2349 rerum
1284 2317 1437 2357 imagines
1457 2325 1522 2349 tam
1545 2327 1630 2350 acres
1644 2325 1710 2349 tam
1723 2319 1829 2351 valide
1841 2320 2004 2360 adquem-
2036 2315 2044 2324 ¹*

1874 2365 1958 2404 piam
